@ARTICLE{2018MNRAS.474.2813L,
   author = {{Lamberts}, A. and {Daigne}, F.},
    title = "{Relativistic simulations of long-lived reverse shocks in stratified ejecta: the origin of flares in GRB afterglows}",
  journal = {\mnras},
archivePrefix = "arXiv",
   eprint = {1702.04362},
 primaryClass = "astro-ph.HE",
 keywords = {hydrodynamics, radiation mechanisms: non-thermal, relativistic processes, shock waves, methods: numerical, gamma-ray burst: general},
     year = 2018,
    month = feb,
   volume = 474,
    pages = {2813-2827},
      doi = {10.1093/mnras/stx2951},
   adsurl = {http://adsabs.harvard.edu/abs/2018MNRAS.474.2813L},
  adsnote = {Provided by the SAO/NASA Astrophysics Data System}
}

@ARTICLE{2017MNRAS.472.4155G,
   author = {{Gavagnin}, E. and {Bleuler}, A. and {Rosdahl}, J. and {Teyssier}, R.
	},
    title = "{Star cluster formation in a turbulent molecular cloud self-regulated by photoionization feedback}",
  journal = {\mnras},
archivePrefix = "arXiv",
   eprint = {1701.07982},
 keywords = {stars: formation, stars: kinematics and dynamics, H $\lt$sc$\gt$II$\lt$/sc$\gt$ regions, galaxies: star clusters: general, galaxies: star clusters: individual: (NGC 3603 YC, Arches), ultraviolet: stars},
     year = 2017,
    month = dec,
   volume = 472,
    pages = {4155-4172},
      doi = {10.1093/mnras/stx2222},
   adsurl = {http://adsabs.harvard.edu/abs/2017MNRAS.472.4155G},
  adsnote = {Provided by the SAO/NASA Astrophysics Data System}
}

@ARTICLE{2017MNRAS.468.2655L,
   author = {{Lamberts}, A. and {Millour}, F. and {Liermann}, A. and {Dessart}, L. and 
	{Driebe}, T. and {Duvert}, G. and {Finsterle}, W. and {Girault}, V. and 
	{Massi}, F. and {Petrov}, R.~G. and {Schmutz}, W. and {Weigelt}, G. and 
	{Chesneau}, O.},
    title = "{Numerical simulations and infrared spectro-interferometry reveal the wind collision region in {$\gamma$}$^{2}$ Velorum}",
  journal = {\mnras},
archivePrefix = "arXiv",
   eprint = {1701.01124},
 primaryClass = "astro-ph.SR",
 keywords = {methods: numerical, techniques: interferometric, binaries: spectroscopic, stars: individual: {$\gamma$}$^{2}$ Velorum, stars: winds, outflows, stars: Wolf-Rayet},
     year = 2017,
    month = jul,
   volume = 468,
    pages = {2655-2671},
      doi = {10.1093/mnras/stx588},
   adsurl = {http://adsabs.harvard.edu/abs/2017MNRAS.468.2655L},
  adsnote = {Provided by the SAO/NASA Astrophysics Data System}
}

@ARTICLE{2017ApJ...838...40M,
   author = {{Mocz}, P. and {Burkhart}, B. and {Hernquist}, L. and {McKee}, C.~F. and 
	{Springel}, V.},
    title = "{Moving-mesh Simulations of Star-forming Cores in Magneto-gravo-turbulence}",
  journal = {\apj},
archivePrefix = "arXiv",
   eprint = {1702.06133},
 keywords = {ISM: clouds, ISM: magnetic fields, magnetohydrodynamics: MHD, polarization, stars: formation, turbulence},
     year = 2017,
    month = mar,
   volume = 838,
      eid = {40},
    pages = {40},
      doi = {10.3847/1538-4357/aa6475},
   adsurl = {http://adsabs.harvard.edu/abs/2017ApJ...838...40M},
  adsnote = {Provided by the SAO/NASA Astrophysics Data System}
}

@ARTICLE{2017MNRAS.465.1316M,
   author = {{Murray}, D.~W. and {Chang}, P. and {Murray}, N.~W. and {Pittman}, J.
	},
    title = "{Collapse in self-gravitating turbulent fluids}",
  journal = {\mnras},
archivePrefix = "arXiv",
   eprint = {1509.05910},
 keywords = {turbulence, stars: formation, galaxies: star clusters: general, galaxies: star formation},
     year = 2017,
    month = feb,
   volume = 465,
    pages = {1316-1335},
      doi = {10.1093/mnras/stw2796},
   adsurl = {http://adsabs.harvard.edu/abs/2017MNRAS.465.1316M},
  adsnote = {Provided by the SAO/NASA Astrophysics Data System}
}

@ARTICLE{2016MNRAS.463.1462O,
   author = {{Ocvirk}, P. and {Gillet}, N. and {Shapiro}, P.~R. and {Aubert}, D. and 
	{Iliev}, I.~T. and {Teyssier}, R. and {Yepes}, G. and {Choi}, J.-H. and 
	{Sullivan}, D. and {Knebe}, A. and {Gottl{\"o}ber}, S. and {D'Aloisio}, A. and 
	{Park}, H. and {Hoffman}, Y. and {Stranex}, T.},
    title = "{Cosmic Dawn (CoDa): the First Radiation-Hydrodynamics Simulation of Reionization and Galaxy Formation in the Local Universe}",
  journal = {\mnras},
archivePrefix = "arXiv",
   eprint = {1511.00011},
 keywords = {reionization, intergalactic medium, galaxies: formation, high redshift, luminosity function, Local Group, radiative transfer, methods: numerical},
     year = 2016,
    month = dec,
   volume = 463,
    pages = {1462-1485},
      doi = {10.1093/mnras/stw2036},
   adsurl = {http://adsabs.harvard.edu/abs/2016MNRAS.463.1462O},
  adsnote = {Provided by the SAO/NASA Astrophysics Data System}
}

@ARTICLE{2016ApJ...833..229L,
   author = {{Lee}, E.~J. and {Miville-Desch{\^e}nes}, M.-A. and {Murray}, N.~W.
	},
    title = "{Observational Evidence of Dynamic Star Formation Rate in Milky Way Giant Molecular Clouds}",
  journal = {\apj},
archivePrefix = "arXiv",
   eprint = {1608.05415},
 keywords = {galaxies: star formation, ISM: clouds},
     year = 2016,
    month = dec,
   volume = 833,
      eid = {229},
    pages = {229},
      doi = {10.3847/1538-4357/833/2/229},
   adsurl = {http://adsabs.harvard.edu/abs/2016ApJ...833..229L},
  adsnote = {Provided by the SAO/NASA Astrophysics Data System}
}

@ARTICLE{2016ApJ...833..118C,
   author = {{Chang}, P. and {Broderick}, A.~E. and {Pfrommer}, C. and {Puchwein}, E. and 
	{Lamberts}, A. and {Shalaby}, M. and {Vasil}, G.},
    title = "{The Linear Instability of Dilute Ultrarelativistic e $^{Â±}$ Pair Beams}",
  journal = {\apj},
archivePrefix = "arXiv",
   eprint = {1610.02040},
 primaryClass = "astro-ph.HE",
 keywords = {BL Lacertae objects: general, gamma rays: general, instabilities, magnetic fields, plasmas},
     year = 2016,
    month = dec,
   volume = 833,
      eid = {118},
    pages = {118},
      doi = {10.3847/1538-4357/833/1/118},
   adsurl = {http://adsabs.harvard.edu/abs/2016ApJ...833..118C},
  adsnote = {Provided by the SAO/NASA Astrophysics Data System}
}

@ARTICLE{2016ApJ...832..109B,
   author = {{Broderick}, A.~E. and {Tiede}, P. and {Shalaby}, M. and {Pfrommer}, C. and 
	{Puchwein}, E. and {Chang}, P. and {Lamberts}, A.},
    title = "{Bow Ties in the Sky. I: The Angular Structure of Inverse Compton Gamma-Ray Halos in the Fermi Sky}",
  journal = {\apj},
archivePrefix = "arXiv",
   eprint = {1609.00387},
 primaryClass = "astro-ph.HE",
 keywords = {BL Lacertae objects: general, gamma rays: diffuse background, gamma rays: general, infrared: diffuse background, plasmas, radiation mechanisms: nonthermal},
     year = 2016,
    month = dec,
   volume = 832,
      eid = {109},
    pages = {109},
      doi = {10.3847/0004-637X/832/2/109},
   adsurl = {http://adsabs.harvard.edu/abs/2016ApJ...832..109B},
  adsnote = {Provided by the SAO/NASA Astrophysics Data System}
}

@ARTICLE{2016MNRAS.460.3272K,
   author = {{Krumholz}, M.~R. and {Myers}, A.~T. and {Klein}, R.~I. and 
	{McKee}, C.~F.},
    title = "{What physics determines the peak of the IMF? Insights from the structure of cores in radiation-magnetohydrodynamic simulations}",
  journal = {\mnras},
archivePrefix = "arXiv",
   eprint = {1603.04557},
 keywords = {radiative transfer, stars: formation, stars: luminosity function, mass function, ISM: clouds},
     year = 2016,
    month = aug,
   volume = 460,
    pages = {3272-3283},
      doi = {10.1093/mnras/stw1236},
   adsurl = {http://adsabs.harvard.edu/abs/2016MNRAS.460.3272K},
  adsnote = {Provided by the SAO/NASA Astrophysics Data System}
}

@ARTICLE{2016ApJ...823..102C,
   author = {{Choi}, J. and {Dotter}, A. and {Conroy}, C. and {Cantiello}, M. and 
	{Paxton}, B. and {Johnson}, B.~D.},
    title = "{Mesa Isochrones and Stellar Tracks (MIST). I. Solar-scaled Models}",
  journal = {\apj},
archivePrefix = "arXiv",
   eprint = {1604.08592},
 primaryClass = "astro-ph.SR",
 keywords = {stars: evolution, stars: general, stars: interiors},
     year = 2016,
    month = jun,
   volume = 823,
      eid = {102},
    pages = {102},
      doi = {10.3847/0004-637X/823/2/102},
   adsurl = {http://adsabs.harvard.edu/abs/2016ApJ...823..102C},
  adsnote = {Provided by the SAO/NASA Astrophysics Data System}
}

@ARTICLE{2016A&A...585A.149W,
   author = {{Wyrowski}, F. and {G{\"u}sten}, R. and {Menten}, K.~M. and 
	{Wiesemeyer}, H. and {Csengeri}, T. and {Heyminck}, S. and {Klein}, B. and 
	{K{\"o}nig}, C. and {Urquhart}, J.~S.},
    title = "{Infall through the evolution of high-mass star-forming clumps}",
  journal = {\aap},
archivePrefix = "arXiv",
   eprint = {1510.08374},
 primaryClass = "astro-ph.SR",
 keywords = {stars: formation, ISM: molecules, ISM: kinematics and dynamics},
     year = 2016,
    month = jan,
   volume = 585,
      eid = {A149},
    pages = {A149},
      doi = {10.1051/0004-6361/201526361},
   adsurl = {http://adsabs.harvard.edu/abs/2016A%26A...585A.149W},
  adsnote = {Provided by the SAO/NASA Astrophysics Data System}
}

@ARTICLE{2015MNRAS.454...83W,
   author = {{Wang}, L. and {Dutton}, A.~A. and {Stinson}, G.~S. and {Macci{\`o}}, A.~V. and 
	{Penzo}, C. and {Kang}, X. and {Keller}, B.~W. and {Wadsley}, J.
	},
    title = "{NIHAO project - I. Reproducing the inefficiency of galaxy formation across cosmic time with a large sample of cosmological hydrodynamical simulations}",
  journal = {\mnras},
archivePrefix = "arXiv",
   eprint = {1503.04818},
 keywords = {methods: numerical, galaxies: dwarf, galaxies: evolution, galaxies: formation, galaxies: spiral, cosmology: theory},
     year = 2015,
    month = nov,
   volume = 454,
    pages = {83-94},
      doi = {10.1093/mnras/stv1937},
   adsurl = {http://adsabs.harvard.edu/abs/2015MNRAS.454...83W},
  adsnote = {Provided by the SAO/NASA Astrophysics Data System}
}

@ARTICLE{2015ApJ...811...19L,
   author = {{Lamberts}, A. and {Chang}, P. and {Pfrommer}, C. and {Puchwein}, E. and 
	{Broderick}, A.~E. and {Shalaby}, M.},
    title = "{Patchy Blazar Heating: Diversifying the Thermal History of the Intergalactic Medium}",
  journal = {\apj},
archivePrefix = "arXiv",
   eprint = {1502.07980},
 keywords = {BL Lacertae objects: general, cosmology: theory, gamma rays: general, intergalactic medium, large-scale structure of universe},
     year = 2015,
    month = sep,
   volume = 811,
      eid = {19},
    pages = {19},
      doi = {10.1088/0004-637X/811/1/19},
   adsurl = {http://adsabs.harvard.edu/abs/2015ApJ...811...19L},
  adsnote = {Provided by the SAO/NASA Astrophysics Data System}
}

@ARTICLE{2015A&A...581A.119B,
   author = {{Beuther}, H. and {Henning}, T. and {Linz}, H. and {Feng}, S. and 
	{Ragan}, S.~E. and {Smith}, R.~J. and {Bihr}, S. and {Sakai}, T. and 
	{Kuiper}, R.},
    title = "{Hierarchical fragmentation and collapse signatures in a high-mass starless region}",
  journal = {\aap},
archivePrefix = "arXiv",
   eprint = {1508.01540},
 keywords = {stars: formation, stars: early-type, techniques: spectroscopic, stars: individual: IRDC 18310, ISM: clouds, ISM: kinematics and dynamics},
     year = 2015,
    month = sep,
   volume = 581,
      eid = {A119},
    pages = {A119},
      doi = {10.1051/0004-6361/201526759},
   adsurl = {http://adsabs.harvard.edu/abs/2015A%26A...581A.119B},
  adsnote = {Provided by the SAO/NASA Astrophysics Data System}
}

@ARTICLE{2015MNRAS.451.3089T,
   author = {{Traficante}, A. and {Fuller}, G.~A. and {Peretto}, N. and {Pineda}, J.~E. and 
	{Molinari}, S.},
    title = "{The initial conditions of stellar protocluster formation - II. A catalogue of starless and protostellar clumps embedded in IRDCs in the Galactic longitude range 15{\deg} {\le} l {\le} 55{\deg}}",
  journal = {\mnras},
archivePrefix = "arXiv",
   eprint = {1506.05472},
 primaryClass = "astro-ph.SR",
 keywords = {catalogues, stars: formation, stars: massive, ISM: clouds, Galaxy: stellar content, infrared: stars},
     year = 2015,
    month = aug,
   volume = 451,
    pages = {3089-3106},
      doi = {10.1093/mnras/stv1158},
   adsurl = {http://adsabs.harvard.edu/abs/2015MNRAS.451.3089T},
  adsnote = {Provided by the SAO/NASA Astrophysics Data System}
}

@ARTICLE{2015MNRAS.451.1380N,
   author = {{Nolan}, C.~A. and {Federrath}, C. and {Sutherland}, R.~S.},
    title = "{The density variance-Mach number relation in isothermal and non-isothermal adiabatic turbulence}",
  journal = {\mnras},
archivePrefix = "arXiv",
   eprint = {1504.04370},
 keywords = {equation of state, hydrodynamics, turbulence, ISM: clouds, ISM: structure, galaxies: ISM},
     year = 2015,
    month = aug,
   volume = 451,
    pages = {1380-1389},
      doi = {10.1093/mnras/stv1030},
   adsurl = {http://adsabs.harvard.edu/abs/2015MNRAS.451.1380N},
  adsnote = {Provided by the SAO/NASA Astrophysics Data System}
}

@ARTICLE{2015ApJ...809..187S,
   author = {{Skinner}, M.~A. and {Ostriker}, E.~C.},
    title = "{Numerical Simulations of Turbulent Molecular Clouds Regulated by Reprocessed Radiation Feedback from Nascent Super Star Clusters}",
  journal = {\apj},
archivePrefix = "arXiv",
   eprint = {1507.06366},
 keywords = {galaxies: star clusters: general, hydrodynamics, ISM: clouds, methods: numerical, radiative transfer, stars: formation},
     year = 2015,
    month = aug,
   volume = 809,
      eid = {187},
    pages = {187},
      doi = {10.1088/0004-637X/809/2/187},
   adsurl = {http://adsabs.harvard.edu/abs/2015ApJ...809..187S},
  adsnote = {Provided by the SAO/NASA Astrophysics Data System}
}

@ARTICLE{2015MNRAS.450.4035F,
   author = {{Federrath}, C.},
    title = "{Inefficient star formation through turbulence, magnetic fields and feedback}",
  journal = {\mnras},
archivePrefix = "arXiv",
   eprint = {1504.03690},
 primaryClass = "astro-ph.SR",
 keywords = {MHD, turbulence, stars: formation, ISM: clouds, ISM: jets and outflows, ISM: kinematics and dynamics},
     year = 2015,
    month = jul,
   volume = 450,
    pages = {4035-4042},
      doi = {10.1093/mnras/stv941},
   adsurl = {http://adsabs.harvard.edu/abs/2015MNRAS.450.4035F},
  adsnote = {Provided by the SAO/NASA Astrophysics Data System}
}

@ARTICLE{2015ApJ...808...48B,
   author = {{Burkhart}, B. and {Collins}, D.~C. and {Lazarian}, A.},
    title = "{Observational Diagnostics of Self-gravitating MHD Turbulence in Giant Molecular Clouds}",
  journal = {\apj},
archivePrefix = "arXiv",
   eprint = {1505.03855},
 primaryClass = "astro-ph.SR",
 keywords = {dust, extinction, ISM: kinematics and dynamics, magnetic fields, magnetohydrodynamics: MHD, molecular data, stars: formation, turbulence},
     year = 2015,
    month = jul,
   volume = 808,
      eid = {48},
    pages = {48},
      doi = {10.1088/0004-637X/808/1/48},
   adsurl = {http://adsabs.harvard.edu/abs/2015ApJ...808...48B},
  adsnote = {Provided by the SAO/NASA Astrophysics Data System}
}

@ARTICLE{2015MNRAS.449.4380R,
   author = {{Rosdahl}, J. and {Teyssier}, R.},
    title = "{A scheme for radiation pressure and photon diffusion with the M1 closure in RAMSES-RT}",
  journal = {\mnras},
archivePrefix = "arXiv",
   eprint = {1411.6440},
 primaryClass = "astro-ph.IM",
 keywords = {radiative transfer, methods: numerical},
     year = 2015,
    month = jun,
   volume = 449,
    pages = {4380-4403},
      doi = {10.1093/mnras/stv567},
   adsurl = {http://adsabs.harvard.edu/abs/2015MNRAS.449.4380R},
  adsnote = {Provided by the SAO/NASA Astrophysics Data System}
}

@ARTICLE{2015ApJ...806L...1Z,
   author = {{Zhu}, C. and {Pakmor}, R. and {van Kerkwijk}, M.~H. and {Chang}, P.
	},
    title = "{Magnetized Moving Mesh Merger of a Carbon-Oxygen White Dwarf Binary}",
  journal = {\apjl},
archivePrefix = "arXiv",
   eprint = {1504.01732},
 primaryClass = "astro-ph.SR",
 keywords = {binaries: close, magnetohydrodynamics: MHD, stars: magnetic field, supernovae: general, white dwarfs},
     year = 2015,
    month = jun,
   volume = 806,
      eid = {L1},
    pages = {L1},
      doi = {10.1088/2041-8205/806/1/L1},
   adsurl = {http://adsabs.harvard.edu/abs/2015ApJ...806L...1Z},
  adsnote = {Provided by the SAO/NASA Astrophysics Data System}
}

@ARTICLE{2015ApJ...806...31G,
   author = {{Gong}, M. and {Ostriker}, E.~C.},
    title = "{Prestellar Core Formation, Evolution, and Accretion from Gravitational Fragmentation in Turbulent Converging Flows}",
  journal = {\apj},
archivePrefix = "arXiv",
   eprint = {1504.02140},
 primaryClass = "astro-ph.SR",
 keywords = {ISM: structure, methods: numerical, stars: formation, stars: luminosity function, mass function, turbulence},
     year = 2015,
    month = jun,
   volume = 806,
      eid = {31},
    pages = {31},
      doi = {10.1088/0004-637X/806/1/31},
   adsurl = {http://adsabs.harvard.edu/abs/2015ApJ...806...31G},
  adsnote = {Provided by the SAO/NASA Astrophysics Data System}
}

@ARTICLE{2015ApJ...804...44M,
   author = {{Murray}, N. and {Chang}, P.},
    title = "{Star Formation in Self-gravitating Turbulent Fluids}",
  journal = {\apj},
archivePrefix = "arXiv",
   eprint = {1407.6373},
 primaryClass = "astro-ph.SR",
 keywords = {galaxies: star clusters: general, galaxies: star formation, stars: formation, turbulence},
     year = 2015,
    month = may,
   volume = 804,
      eid = {44},
    pages = {44},
      doi = {10.1088/0004-637X/804/1/44},
   adsurl = {http://adsabs.harvard.edu/abs/2015ApJ...804...44M},
  adsnote = {Provided by the SAO/NASA Astrophysics Data System}
}

@ARTICLE{2015ApJ...804...18A,
   author = {{Agertz}, O. and {Kravtsov}, A.~V.},
    title = "{On the Interplay between Star Formation and Feedback in Galaxy Formation Simulations}",
  journal = {\apj},
archivePrefix = "arXiv",
   eprint = {1404.2613},
 keywords = {galaxies: evolution, galaxies: formation, galaxies: high-redshift, galaxies: star formation, galaxies: stellar content, methods: numerical},
     year = 2015,
    month = may,
   volume = 804,
      eid = {18},
    pages = {18},
      doi = {10.1088/0004-637X/804/1/18},
   adsurl = {http://adsabs.harvard.edu/abs/2015ApJ...804...18A},
  adsnote = {Provided by the SAO/NASA Astrophysics Data System}
}

@ARTICLE{2015MNRAS.448.3297F,
   author = {{Federrath}, C. and {Banerjee}, S.},
    title = "{The density structure and star formation rate of non-isothermal polytropic turbulence}",
  journal = {\mnras},
archivePrefix = "arXiv",
   eprint = {1412.2756},
 keywords = {equation of state, hydrodynamics, turbulence, ISM: clouds, ISM: structure, galaxies: ISM},
     year = 2015,
    month = apr,
   volume = 448,
    pages = {3297-3313},
      doi = {10.1093/mnras/stv180},
   adsurl = {http://adsabs.harvard.edu/abs/2015MNRAS.448.3297F},
  adsnote = {Provided by the SAO/NASA Astrophysics Data System}
}

@ARTICLE{2015ApJ...800...49L,
   author = {{Lee}, E.~J. and {Chang}, P. and {Murray}, N.},
    title = "{Time-varying Dynamical Star Formation Rate}",
  journal = {\apj},
archivePrefix = "arXiv",
   eprint = {1406.4148},
 primaryClass = "astro-ph.SR",
 keywords = {hydrodynamics, magnetohydrodynamics: MHD, stars: formation, turbulence },
     year = 2015,
    month = feb,
   volume = 800,
      eid = {49},
    pages = {49},
      doi = {10.1088/0004-637X/800/1/49},
   adsurl = {http://adsabs.harvard.edu/abs/2015ApJ...800...49L},
  adsnote = {Provided by the SAO/NASA Astrophysics Data System}
}

@ARTICLE{2015A&A...573A.119R,
   author = {{Ragan}, S.~E. and {Henning}, T. and {Beuther}, H. and {Linz}, H. and 
	{Zahorecz}, S.},
    title = "{Fragmentation and kinematics of dense molecular cores in the filamentary infrared-dark cloud G011.11-0.12}",
  journal = {\aap},
archivePrefix = "arXiv",
   eprint = {1411.1911},
 keywords = {stars: formation, ISM: kinematics and dynamics, submillimeter:, ISM},
     year = 2015,
    month = jan,
   volume = 573,
      eid = {A119},
    pages = {A119},
      doi = {10.1051/0004-6361/201424948},
   adsurl = {http://adsabs.harvard.edu/abs/2015A%26A...573A.119R},
  adsnote = {Provided by the SAO/NASA Astrophysics Data System}
}

@ARTICLE{2014MNRAS.445.4015B,
   author = {{Bleuler}, A. and {Teyssier}, R.},
    title = "{Towards a more realistic sink particle algorithm for the RAMSES CODE}",
  journal = {\mnras},
archivePrefix = "arXiv",
   eprint = {1409.6528},
 primaryClass = "astro-ph.SR",
 keywords = {hydrodynamics, methods: numerical, stars: formation},
     year = 2014,
    month = dec,
   volume = 445,
    pages = {4015-4036},
      doi = {10.1093/mnras/stu2005},
   adsurl = {http://adsabs.harvard.edu/abs/2014MNRAS.445.4015B},
  adsnote = {Provided by the SAO/NASA Astrophysics Data System}
}

@ARTICLE{2014ApJ...797..110C,
   author = {{Chang}, P. and {Broderick}, A.~E. and {Pfrommer}, C. and {Puchwein}, E. and 
	{Lamberts}, A. and {Shalaby}, M.},
    title = "{The Effect of Nonlinear Landau Damping on Ultrarelativistic Beam Plasma Instabilities}",
  journal = {\apj},
archivePrefix = "arXiv",
   eprint = {1410.3797},
 primaryClass = "astro-ph.HE",
 keywords = {BL Lacertae objects: general, gamma rays: general, instabilities, magnetic fields, plasmas},
     year = 2014,
    month = dec,
   volume = 797,
      eid = {110},
    pages = {110},
      doi = {10.1088/0004-637X/797/2/110},
   adsurl = {http://adsabs.harvard.edu/abs/2014ApJ...797..110C},
  adsnote = {Provided by the SAO/NASA Astrophysics Data System}
}

@ARTICLE{2014ApJ...797...32P,
   author = {{Padoan}, P. and {Haugb{\o}lle}, T. and {Nordlund}, {\AA}.},
    title = "{Infall-driven Protostellar Accretion and the Solution to the Luminosity Problem}",
  journal = {\apj},
archivePrefix = "arXiv",
   eprint = {1407.1445},
 primaryClass = "astro-ph.SR",
 keywords = {ISM: kinematics and dynamics, magnetohydrodynamics: MHD, stars: formation, stars: protostars, turbulence},
     year = 2014,
    month = dec,
   volume = 797,
      eid = {32},
    pages = {32},
      doi = {10.1088/0004-637X/797/1/32},
   adsurl = {http://adsabs.harvard.edu/abs/2014ApJ...797...32P},
  adsnote = {Provided by the SAO/NASA Astrophysics Data System}
}

@ARTICLE{2014ApJ...796..120W,
   author = {{Williams}, J.~P. and {Mann}, R.~K. and {Di Francesco}, J. and 
	{Andrews}, S.~M. and {Hughes}, A.~M. and {Ricci}, L. and {Bally}, J. and 
	{Johnstone}, D. and {Matthews}, B.},
    title = "{ALMA Observations of a Misaligned Binary Protoplanetary Disk System in Orion}",
  journal = {\apj},
archivePrefix = "arXiv",
   eprint = {1410.3570},
 primaryClass = "astro-ph.SR",
 keywords = {circumstellar matter, protoplanetary disks, stars: pre-main sequence},
     year = 2014,
    month = dec,
   volume = 796,
      eid = {120},
    pages = {120},
      doi = {10.1088/0004-637X/796/2/120},
   adsurl = {http://adsabs.harvard.edu/abs/2014ApJ...796..120W},
  adsnote = {Provided by the SAO/NASA Astrophysics Data System}
}

@ARTICLE{2014MNRAS.445..581H,
   author = {{Hopkins}, P.~F. and {Kere{\v s}}, D. and {O{\~n}orbe}, J. and 
	{Faucher-Gigu{\`e}re}, C.-A. and {Quataert}, E. and {Murray}, N. and 
	{Bullock}, J.~S.},
    title = "{Galaxies on FIRE (Feedback In Realistic Environments): stellar feedback explains cosmologically inefficient star formation}",
  journal = {\mnras},
archivePrefix = "arXiv",
   eprint = {1311.2073},
 keywords = {stars: formation, galaxies: active, galaxies: evolution, galaxies: formation, cosmology: theory},
     year = 2014,
    month = nov,
   volume = 445,
    pages = {581-603},
      doi = {10.1093/mnras/stu1738},
   adsurl = {http://adsabs.harvard.edu/abs/2014MNRAS.445..581H},
  adsnote = {Provided by the SAO/NASA Astrophysics Data System}
}

@ARTICLE{2014ApJ...796...12B,
   author = {{Broderick}, A.~E. and {Pfrommer}, C. and {Puchwein}, E. and 
	{Chang}, P. and {Smith}, K.~M.},
    title = "{Lower Limits on the Anisotropy of the Extragalactic Gamma-Ray Background Implied by the 2FGL and 1FHL Catalogs}",
  journal = {\apj},
archivePrefix = "arXiv",
   eprint = {1308.0015},
 keywords = {BL Lacertae objects: general, gamma rays: general, radiation mechanisms: non-thermal},
     year = 2014,
    month = nov,
   volume = 796,
      eid = {12},
    pages = {12},
      doi = {10.1088/0004-637X/796/1/12},
   adsurl = {http://adsabs.harvard.edu/abs/2014ApJ...796...12B},
  adsnote = {Provided by the SAO/NASA Astrophysics Data System}
}

@ARTICLE{2014ApJ...795...55D,
   author = {{Da Rio}, N. and {Tan}, J.~C. and {Jaehnig}, K.},
    title = "{The Structure, Dynamics, and Star Formation Rate of the Orion Nebula Cluster}",
  journal = {\apj},
archivePrefix = "arXiv",
   eprint = {1409.2503},
 keywords = {open clusters and associations: individual: Orion Nebula Cluster, stars: formation, stars: kinematics and dynamics, stars: pre-main sequence},
     year = 2014,
    month = nov,
   volume = 795,
      eid = {55},
    pages = {55},
      doi = {10.1088/0004-637X/795/1/55},
   adsurl = {http://adsabs.harvard.edu/abs/2014ApJ...795...55D},
  adsnote = {Provided by the SAO/NASA Astrophysics Data System}
}

@ARTICLE{2014A&A...570A..81H,
   author = {{Hennebelle}, P. and {Iffrig}, O.},
    title = "{Simulations of magnetized multiphase galactic disc regulated by supernovae explosions}",
  journal = {\aap},
archivePrefix = "arXiv",
   eprint = {1405.7819},
 keywords = {magnetohydrodynamics (MHD), instabilities, ISM: kinematics and dynamics, ISM: structure, ISM: clouds, stars: formation},
     year = 2014,
    month = oct,
   volume = 570,
      eid = {A81},
    pages = {A81},
      doi = {10.1051/0004-6361/201423392},
   adsurl = {http://adsabs.harvard.edu/abs/2014A%26A...570A..81H},
  adsnote = {Provided by the SAO/NASA Astrophysics Data System}
}

@ARTICLE{2014ApJ...793....1Y,
   author = {{Yen}, H.-W. and {Takakuwa}, S. and {Ohashi}, N. and {Aikawa}, Y. and 
	{Aso}, Y. and {Koyamatsu}, S. and {Machida}, M.~N. and {Saigo}, K. and 
	{Saito}, M. and {Tomida}, K. and {Tomisaka}, K.},
    title = "{ALMA Observations of Infalling Flows toward the Keplerian Disk around the Class I Protostar L1489 IRS}",
  journal = {\apj},
archivePrefix = "arXiv",
   eprint = {1407.2699},
 primaryClass = "astro-ph.SR",
 keywords = {circumstellar matter, ISM: individual objects: L1489 IRS, ISM: kinematics and dynamics, ISM: molecules, stars: formation, stars: low-mass},
     year = 2014,
    month = sep,
   volume = 793,
      eid = {1},
    pages = {1},
      doi = {10.1088/0004-637X/793/1/1},
   adsurl = {http://adsabs.harvard.edu/abs/2014ApJ...793....1Y},
  adsnote = {Provided by the SAO/NASA Astrophysics Data System}
}

@ARTICLE{2014ApJ...790..137B,
   author = {{Broderick}, A.~E. and {Pfrommer}, C. and {Puchwein}, E. and 
	{Chang}, P.},
    title = "{Implications of Plasma Beam Instabilities for the Statistics of the Fermi Hard Gamma-Ray Blazars and the Origin of the Extragalactic Gamma-Ray Background}",
  journal = {\apj},
archivePrefix = "arXiv",
   eprint = {1308.0340},
 keywords = {BL Lacertae objects: general, gamma rays: diffuse background, gamma rays: general, infrared: diffuse background, plasmas, radiation mechanisms: non-thermal},
     year = 2014,
    month = aug,
   volume = 790,
      eid = {137},
    pages = {137},
      doi = {10.1088/0004-637X/790/2/137},
   adsurl = {http://adsabs.harvard.edu/abs/2014ApJ...790..137B},
  adsnote = {Provided by the SAO/NASA Astrophysics Data System}
}

@ARTICLE{2014ApJ...790..128F,
   author = {{Federrath}, C. and {Schr{\"o}n}, M. and {Banerjee}, R. and 
	{Klessen}, R.~S.},
    title = "{Modeling Jet and Outflow Feedback during Star Cluster Formation}",
  journal = {\apj},
archivePrefix = "arXiv",
   eprint = {1406.3625},
 primaryClass = "astro-ph.SR",
 keywords = {ISM: clouds, ISM: jets and outflows, ISM: kinematics and dynamics, magnetohydrodynamics: MHD, stars: formation, stars: luminosity function, mass function, turbulence },
     year = 2014,
    month = aug,
   volume = 790,
      eid = {128},
    pages = {128},
      doi = {10.1088/0004-637X/790/2/128},
   adsurl = {http://adsabs.harvard.edu/abs/2014ApJ...790..128F},
  adsnote = {Provided by the SAO/NASA Astrophysics Data System}
}

@ARTICLE{2014A&A...568L...5C,
   author = {{Codella}, C. and {Cabrit}, S. and {Gueth}, F. and {Podio}, L. and 
	{Leurini}, S. and {Bachiller}, R. and {Gusdorf}, A. and {Lefloch}, B. and 
	{Nisini}, B. and {Tafalla}, M. and {Yvart}, W.},
    title = "{The ALMA view of the protostellar system HH212. The wind, the cavity, and the disk}",
  journal = {\aap},
archivePrefix = "arXiv",
   eprint = {1407.6229},
 primaryClass = "astro-ph.SR",
 keywords = {stars: formation, ISM: jets and outflows, ISM: molecules, ISM: individual objects: HH212},
     year = 2014,
    month = aug,
   volume = 568,
      eid = {L5},
    pages = {L5},
      doi = {10.1051/0004-6361/201424103},
   adsurl = {http://adsabs.harvard.edu/abs/2014A%26A...568L...5C},
  adsnote = {Provided by the SAO/NASA Astrophysics Data System}
}

@ARTICLE{2014A&A...565A..75C,
   author = {{Csengeri}, T. and {Urquhart}, J.~S. and {Schuller}, F. and 
	{Motte}, F. and {Bontemps}, S. and {Wyrowski}, F. and {Menten}, K.~M. and 
	{Bronfman}, L. and {Beuther}, H. and {Henning}, T. and {Testi}, L. and 
	{Zavagno}, A. and {Walmsley}, M.},
    title = "{The ATLASGAL survey: a catalog of dust condensations in the Galactic plane}",
  journal = {\aap},
archivePrefix = "arXiv",
   eprint = {1312.0937},
 keywords = {surveys, stars: formation, stars: massive, ISM: structure, Galaxy: structure},
     year = 2014,
    month = may,
   volume = 565,
      eid = {A75},
    pages = {A75},
      doi = {10.1051/0004-6361/201322434},
   adsurl = {http://adsabs.harvard.edu/abs/2014A%26A...565A..75C},
  adsnote = {Provided by the SAO/NASA Astrophysics Data System}
}

@ARTICLE{2014MNRAS.439.3420M,
   author = {{Myers}, A.~T. and {Klein}, R.~I. and {Krumholz}, M.~R. and 
	{McKee}, C.~F.},
    title = "{Star cluster formation in turbulent, magnetized dense clumps with radiative and outflow feedback}",
  journal = {\mnras},
archivePrefix = "arXiv",
   eprint = {1401.6096},
 keywords = {magnetic fields, radiative transfer, turbulence, stars: formation, stars: luminosity function, mass function, stars: protostars},
     year = 2014,
    month = apr,
   volume = 439,
    pages = {3420-3438},
      doi = {10.1093/mnras/stu190},
   adsurl = {http://adsabs.harvard.edu/abs/2014MNRAS.439.3420M},
  adsnote = {Provided by the SAO/NASA Astrophysics Data System}
}

@ARTICLE{2014ApJS..211...19B,
   author = {{Bryan}, G.~L. and {Norman}, M.~L. and {O'Shea}, B.~W. and {Abel}, T. and 
	{Wise}, J.~H. and {Turk}, M.~J. and {Reynolds}, D.~R. and {Collins}, D.~C. and 
	{Wang}, P. and {Skillman}, S.~W. and {Smith}, B. and {Harkness}, R.~P. and 
	{Bordner}, J. and {Kim}, J.-h. and {Kuhlen}, M. and {Xu}, H. and 
	{Goldbaum}, N. and {Hummels}, C. and {Kritsuk}, A.~G. and {Tasker}, E. and 
	{Skory}, S. and {Simpson}, C.~M. and {Hahn}, O. and {Oishi}, J.~S. and 
	{So}, G.~C. and {Zhao}, F. and {Cen}, R. and {Li}, Y. and {Enzo Collaboration}
	},
    title = "{ENZO: An Adaptive Mesh Refinement Code for Astrophysics}",
  journal = {\apjs},
archivePrefix = "arXiv",
   eprint = {1307.2265},
 primaryClass = "astro-ph.IM",
 keywords = {hydrodynamics, methods: numerical},
     year = 2014,
    month = apr,
   volume = 211,
      eid = {19},
    pages = {19},
      doi = {10.1088/0067-0049/211/2/19},
   adsurl = {http://adsabs.harvard.edu/abs/2014ApJS..211...19B},
  adsnote = {Provided by the SAO/NASA Astrophysics Data System}
}

@ARTICLE{2014ApJ...782..114E,
   author = {{Evans}, II, N.~J. and {Heiderman}, A. and {Vutisalchavakul}, N.
	},
    title = "{Star Formation Relations in Nearby Molecular Clouds}",
  journal = {\apj},
archivePrefix = "arXiv",
   eprint = {1401.3287},
 keywords = {galaxies: individual: Milky Way, stars: formation},
     year = 2014,
    month = feb,
   volume = 782,
      eid = {114},
    pages = {114},
      doi = {10.1088/0004-637X/782/2/114},
   adsurl = {http://adsabs.harvard.edu/abs/2014ApJ...782..114E},
  adsnote = {Provided by the SAO/NASA Astrophysics Data System}
}

@ARTICLE{2014MNRAS.437L..61S,
   author = {{Shetty}, R. and {Kelly}, B.~C. and {Rahman}, N. and {Bigiel}, F. and 
	{Bolatto}, A.~D. and {Clark}, P.~C. and {Klessen}, R.~S. and 
	{Konstandin}, L.~K.},
    title = "{Indications of a sub-linear and non-universal Kennicutt-Schmidt relationship}",
  journal = {\mnras},
archivePrefix = "arXiv",
   eprint = {1306.2951},
 keywords = {methods: statistical, galaxies: ISM, galaxies: star formation},
     year = 2014,
    month = jan,
   volume = 437,
    pages = {L61-L65},
      doi = {10.1093/mnrasl/slt156},
   adsurl = {http://adsabs.harvard.edu/abs/2014MNRAS.437L..61S},
  adsnote = {Provided by the SAO/NASA Astrophysics Data System}
}

@ARTICLE{2014arXiv1401.4182C,
   author = {{Chakrabarti}, S. and {Quillen}, A. and {Chang}, P. and {Merritt}, D.
	},
    title = "{An Eccentricity-Mass Relation for Galaxies from Tidally Disrupting Satellites}",
  journal = {ArXiv e-prints},
archivePrefix = "arXiv",
   eprint = {1401.4182},
 primaryClass = "astro-ph.GA",
 keywords = {Astrophysics - Galaxy Astrophysics},
     year = 2014,
    month = jan,
   adsurl = {http://adsabs.harvard.edu/abs/2014arXiv1401.4182C},
  adsnote = {Provided by the SAO/NASA Astrophysics Data System}
}

@ARTICLE{2013MNRAS.436.2188R,
   author = {{Rosdahl}, J. and {Blaizot}, J. and {Aubert}, D. and {Stranex}, T. and 
	{Teyssier}, R.},
    title = "{RAMSES-RT: radiation hydrodynamics in the cosmological context}",
  journal = {\mnras},
archivePrefix = "arXiv",
   eprint = {1304.7126},
 keywords = {radiative transfer, methods: numerical},
     year = 2013,
    month = dec,
   volume = 436,
    pages = {2188-2231},
      doi = {10.1093/mnras/stt1722},
   adsurl = {http://adsabs.harvard.edu/abs/2013MNRAS.436.2188R},
  adsnote = {Provided by the SAO/NASA Astrophysics Data System}
}

@ARTICLE{2013A&A...560A..79L,
   author = {{Lamberts}, A. and {Fromang}, S. and {Dubus}, G. and {Teyssier}, R.
	},
    title = "{Simulating gamma-ray binaries with a relativistic extension of RAMSES}",
  journal = {\aap},
archivePrefix = "arXiv",
   eprint = {1309.7629},
 primaryClass = "astro-ph.IM",
 keywords = {hydrodynamics, relativistic processes, methods: numerical, X-rays: binaries, gamma rays: stars},
     year = 2013,
    month = dec,
   volume = 560,
      eid = {A79},
    pages = {A79},
      doi = {10.1051/0004-6361/201322266},
   adsurl = {http://adsabs.harvard.edu/abs/2013A%26A...560A..79L},
  adsnote = {Provided by the SAO/NASA Astrophysics Data System}
}

@ARTICLE{2013MNRAS.434.3142A,
   author = {{Aumer}, M. and {White}, S.~D.~M. and {Naab}, T. and {Scannapieco}, C.
	},
    title = "{Towards a more realistic population of bright spiral galaxies in cosmological simulations}",
  journal = {\mnras},
archivePrefix = "arXiv",
   eprint = {1304.1559},
 primaryClass = "astro-ph.GA",
 keywords = {methods: numerical, galaxies: evolution, galaxies: formation, galaxies: kinematics and dynamics, galaxies: structure},
     year = 2013,
    month = oct,
   volume = 434,
    pages = {3142-3164},
      doi = {10.1093/mnras/stt1230},
   adsurl = {http://adsabs.harvard.edu/abs/2013MNRAS.434.3142A},
  adsnote = {Provided by the SAO/NASA Astrophysics Data System}
}

@ARTICLE{2013A&A...555A.112P,
   author = {{Peretto}, N. and {Fuller}, G.~A. and {Duarte-Cabral}, A. and 
	{Avison}, A. and {Hennebelle}, P. and {Pineda}, J.~E. and {Andr{\'e}}, P. and 
	{Bontemps}, S. and {Motte}, F. and {Schneider}, N. and {Molinari}, S.
	},
    title = "{Global collapse of molecular clouds as a formation mechanism for the most massive stars}",
  journal = {\aap},
archivePrefix = "arXiv",
   eprint = {1307.2590},
 keywords = {stars: formation, ISM: kinematics and dynamics, ISM: clouds, stars: massive, ISM: structure},
     year = 2013,
    month = jul,
   volume = 555,
      eid = {A112},
    pages = {A112},
      doi = {10.1051/0004-6361/201321318},
   adsurl = {http://adsabs.harvard.edu/abs/2013A%26A...555A.112P},
  adsnote = {Provided by the SAO/NASA Astrophysics Data System}
}

@ARTICLE{2013MNRAS.431.3196S,
   author = {{Schmidt}, W. and {Collins}, D.~C. and {Kritsuk}, A.~G.},
    title = "{Local support against gravity in magnetoturbulent fluids}",
  journal = {\mnras},
archivePrefix = "arXiv",
   eprint = {1302.4292},
 keywords = {gravitation, magnetic fields, turbulence, methods: numerical, ISM: kinematics and dynamics},
     year = 2013,
    month = jun,
   volume = 431,
    pages = {3196-3215},
      doi = {10.1093/mnras/stt399},
   adsurl = {http://adsabs.harvard.edu/abs/2013MNRAS.431.3196S},
  adsnote = {Provided by the SAO/NASA Astrophysics Data System}
}

@ARTICLE{2013ApJ...770...25A,
   author = {{Agertz}, O. and {Kravtsov}, A.~V. and {Leitner}, S.~N. and 
	{Gnedin}, N.~Y.},
    title = "{Toward a Complete Accounting of Energy and Momentum from Stellar Feedback in Galaxy Formation Simulations}",
  journal = {\apj},
archivePrefix = "arXiv",
   eprint = {1210.4957},
 keywords = {galaxies: evolution, galaxies: ISM, ISM: structure, methods: numerical, stars: formation },
     year = 2013,
    month = jun,
   volume = 770,
      eid = {25},
    pages = {25},
      doi = {10.1088/0004-637X/770/1/25},
   adsurl = {http://adsabs.harvard.edu/abs/2013ApJ...770...25A},
  adsnote = {Provided by the SAO/NASA Astrophysics Data System}
}

@ARTICLE{2013A&A...553A.115B,
   author = {{Beuther}, H. and {Linz}, H. and {Tackenberg}, J. and {Henning}, T. and 
	{Krause}, O. and {Ragan}, S. and {Nielbock}, M. and {Launhardt}, R. and 
	{Bihr}, S. and {Schmiedeke}, A. and {Smith}, R. and {Sakai}, T.
	},
    title = "{Fragmentation and dynamical collapse of the starless high-mass star-forming region IRDC 18310-4}",
  journal = {\aap},
archivePrefix = "arXiv",
   eprint = {1304.6820},
 keywords = {stars: early-type, stars: formation, stars: individual: IRDC18310-4, stars: massive, ISM: kinematics and dynamics, ISM: clouds},
     year = 2013,
    month = may,
   volume = 553,
      eid = {A115},
    pages = {A115},
      doi = {10.1051/0004-6361/201220475},
   adsurl = {http://adsabs.harvard.edu/abs/2013A%26A...553A.115B},
  adsnote = {Provided by the SAO/NASA Astrophysics Data System}
}

@ARTICLE{2013ApJ...767..164Z,
   author = {{Zhu}, C. and {Chang}, P. and {van Kerkwijk}, M.~H. and {Wadsley}, J.
	},
    title = "{A Parameter-space Study of Carbon-Oxygen White Dwarf Mergers}",
  journal = {\apj},
archivePrefix = "arXiv",
   eprint = {1210.3616},
 primaryClass = "astro-ph.SR",
 keywords = {binaries: close, hydrodynamics, supernovae: general, white dwarfs },
     year = 2013,
    month = apr,
   volume = 767,
      eid = {164},
    pages = {164},
      doi = {10.1088/0004-637X/767/2/164},
   adsurl = {http://adsabs.harvard.edu/abs/2013ApJ...767..164Z},
  adsnote = {Provided by the SAO/NASA Astrophysics Data System}
}

@ARTICLE{2013ApJ...766...97M,
   author = {{Myers}, A.~T. and {McKee}, C.~F. and {Cunningham}, A.~J. and 
	{Klein}, R.~I. and {Krumholz}, M.~R.},
    title = "{The Fragmentation of Magnetized, Massive Star-forming Cores with Radiative Feedback}",
  journal = {\apj},
archivePrefix = "arXiv",
   eprint = {1211.3467},
 primaryClass = "astro-ph.SR",
 keywords = {ISM: clouds, magnetohydrodynamics: MHD, radiative transfer, stars: formation, stars: luminosity function, mass function, turbulence},
     year = 2013,
    month = apr,
   volume = 766,
      eid = {97},
    pages = {97},
      doi = {10.1088/0004-637X/766/2/97},
   adsurl = {http://adsabs.harvard.edu/abs/2013ApJ...766...97M},
  adsnote = {Provided by the SAO/NASA Astrophysics Data System}
}

@ARTICLE{2013MNRAS.430..288S,
   author = {{Shetty}, R. and {Kelly}, B.~C. and {Bigiel}, F.},
    title = "{Evidence for a non-universal Kennicutt-Schmidt relationship using hierarchical Bayesian linear regression}",
  journal = {\mnras},
archivePrefix = "arXiv",
   eprint = {1210.1218},
 keywords = {methods: statistical, galaxies: ISM, galaxies: star formation},
     year = 2013,
    month = mar,
   volume = 430,
    pages = {288-304},
      doi = {10.1093/mnras/sts617},
   adsurl = {http://adsabs.harvard.edu/abs/2013MNRAS.430..288S},
  adsnote = {Provided by the SAO/NASA Astrophysics Data System}
}

@ARTICLE{2013MNRAS.428..129S,
   author = {{Stinson}, G.~S. and {Brook}, C. and {Macci{\`o}}, A.~V. and 
	{Wadsley}, J. and {Quinn}, T.~R. and {Couchman}, H.~M.~P.},
    title = "{Making Galaxies In a Cosmological Context: the need for early stellar feedback}",
  journal = {\mnras},
archivePrefix = "arXiv",
   eprint = {1208.0002},
 keywords = {hydrodynamics, galaxies: formation, galaxies: ISM},
     year = 2013,
    month = jan,
   volume = 428,
    pages = {129-140},
      doi = {10.1093/mnras/sts028},
   adsurl = {http://adsabs.harvard.edu/abs/2013MNRAS.428..129S},
  adsnote = {Provided by the SAO/NASA Astrophysics Data System}
}

@ARTICLE{2012ApJ...761..156F,
   author = {{Federrath}, C. and {Klessen}, R.~S.},
    title = "{The Star Formation Rate of Turbulent Magnetized Clouds: Comparing Theory, Simulations, and Observations}",
  journal = {\apj},
archivePrefix = "arXiv",
   eprint = {1209.2856},
 primaryClass = "astro-ph.SR",
 keywords = {ISM: clouds, ISM: kinematics and dynamics, ISM: structure, magnetohydrodynamics: MHD, stars: formation, turbulence},
     year = 2012,
    month = dec,
   volume = 761,
      eid = {156},
    pages = {156},
      doi = {10.1088/0004-637X/761/2/156},
   adsurl = {http://adsabs.harvard.edu/abs/2012ApJ...761..156F},
  adsnote = {Provided by the SAO/NASA Astrophysics Data System}
}

@ARTICLE{2012MNRAS.427..190S,
   author = {{Schwab}, J. and {Shen}, K.~J. and {Quataert}, E. and {Dan}, M. and 
	{Rosswog}, S.},
    title = "{The viscous evolution of white dwarf merger remnants}",
  journal = {\mnras},
archivePrefix = "arXiv",
   eprint = {1207.0512},
 primaryClass = "astro-ph.HE",
 keywords = {hydrodynamics, supernovae: general, white dwarfs},
     year = 2012,
    month = nov,
   volume = 427,
    pages = {190-203},
      doi = {10.1111/j.1365-2966.2012.21993.x},
   adsurl = {http://adsabs.harvard.edu/abs/2012MNRAS.427..190S},
  adsnote = {Provided by the SAO/NASA Astrophysics Data System}
}

@ARTICLE{2012MNRAS.423.2680M,
   author = {{Molina}, F.~Z. and {Glover}, S.~C.~O. and {Federrath}, C. and 
	{Klessen}, R.~S.},
    title = "{The density variance-Mach number relation in supersonic turbulence - I. Isothermal, magnetized gas}",
  journal = {\mnras},
 keywords = {MHD, shock waves, turbulence, stars: formation, ISM: clouds, ISM: magnetic fields},
     year = 2012,
    month = jul,
   volume = 423,
    pages = {2680-2689},
      doi = {10.1111/j.1365-2966.2012.21075.x},
   adsurl = {http://adsabs.harvard.edu/abs/2012MNRAS.423.2680M},
  adsnote = {Provided by the SAO/NASA Astrophysics Data System}
}

@ARTICLE{2012ApJ...754...71K,
   author = {{Krumholz}, M.~R. and {Klein}, R.~I. and {McKee}, C.~F.},
    title = "{Radiation-hydrodynamic Simulations of the Formation of Orion-like Star Clusters. II. The Initial Mass Function from Winds, Turbulence, and Radiation}",
  journal = {\apj},
archivePrefix = "arXiv",
   eprint = {1203.2620},
 primaryClass = "astro-ph.SR",
 keywords = {ISM: clouds, radiative transfer, stars: formation, stars: luminosity function, mass function, turbulence},
     year = 2012,
    month = jul,
   volume = 754,
      eid = {71},
    pages = {71},
      doi = {10.1088/0004-637X/754/1/71},
   adsurl = {http://adsabs.harvard.edu/abs/2012ApJ...754...71K},
  adsnote = {Provided by the SAO/NASA Astrophysics Data System}
}

@ARTICLE{2012MNRAS.423..149P,
   author = {{Puchwein}, E. and {Pfrommer}, C. and {Springel}, V. and {Broderick}, A.~E. and 
	{Chang}, P.},
    title = "{The Lyman {$\alpha$} forest in a blazar-heated Universe}",
  journal = {\mnras},
archivePrefix = "arXiv",
   eprint = {1107.3837},
 keywords = {methods: numerical, intergalactic medium, cosmology: theory},
     year = 2012,
    month = jun,
   volume = 423,
    pages = {149-164},
      doi = {10.1111/j.1365-2966.2012.20738.x},
   adsurl = {http://adsabs.harvard.edu/abs/2012MNRAS.423..149P},
  adsnote = {Provided by the SAO/NASA Astrophysics Data System}
}

@ARTICLE{2012ApJ...752...24P,
   author = {{Pfrommer}, C. and {Chang}, P. and {Broderick}, A.~E.},
    title = "{The Cosmological Impact of Luminous TeV Blazars. III. Implications for Galaxy Clusters and the Formation of Dwarf Galaxies}",
  journal = {\apj},
archivePrefix = "arXiv",
   eprint = {1106.5505},
 keywords = {BL Lacertae objects: general, galaxies: clusters: general, galaxies: dwarf, galaxies: formation, gamma rays: general, intergalactic medium},
     year = 2012,
    month = jun,
   volume = 752,
      eid = {24},
    pages = {24},
      doi = {10.1088/0004-637X/752/1/24},
   adsurl = {http://adsabs.harvard.edu/abs/2012ApJ...752...24P},
  adsnote = {Provided by the SAO/NASA Astrophysics Data System}
}

@ARTICLE{2012ApJ...752...23C,
   author = {{Chang}, P. and {Broderick}, A.~E. and {Pfrommer}, C.},
    title = "{The Cosmological Impact of Luminous TeV Blazars. II. Rewriting the Thermal History of the Intergalactic Medium}",
  journal = {\apj},
archivePrefix = "arXiv",
   eprint = {1106.5504},
 keywords = {BL Lacertae objects: general, cosmology: theory, gamma rays: general, intergalactic medium, large-scale structure of Universe},
     year = 2012,
    month = jun,
   volume = 752,
      eid = {23},
    pages = {23},
      doi = {10.1088/0004-637X/752/1/23},
   adsurl = {http://adsabs.harvard.edu/abs/2012ApJ...752...23C},
  adsnote = {Provided by the SAO/NASA Astrophysics Data System}
}

@ARTICLE{2012ApJ...752...22B,
   author = {{Broderick}, A.~E. and {Chang}, P. and {Pfrommer}, C.},
    title = "{The Cosmological Impact of Luminous TeV Blazars. I. Implications of Plasma Instabilities for the Intergalactic Magnetic Field and Extragalactic Gamma-Ray Background}",
  journal = {\apj},
archivePrefix = "arXiv",
   eprint = {1106.5494},
 keywords = {BL Lacertae objects: general, gamma rays: general, instabilities, magnetic fields, plasmas, radiation mechanisms: non-thermal},
     year = 2012,
    month = jun,
   volume = 752,
      eid = {22},
    pages = {22},
      doi = {10.1088/0004-637X/752/1/22},
   adsurl = {http://adsabs.harvard.edu/abs/2012ApJ...752...22B},
  adsnote = {Provided by the SAO/NASA Astrophysics Data System}
}

@ARTICLE{2012MNRAS.422.2417D,
   author = {{Dan}, M. and {Rosswog}, S. and {Guillochon}, J. and {Ramirez-Ruiz}, E.
	},
    title = "{How the merger of two white dwarfs depends on their mass ratio: orbital stability and detonations at contact}",
  journal = {\mnras},
archivePrefix = "arXiv",
   eprint = {1201.2406},
 primaryClass = "astro-ph.HE",
 keywords = {hydrodynamics, nuclear reactions, nucleosynthesis, abundances, supernovae: general, white dwarfs},
     year = 2012,
    month = may,
   volume = 422,
    pages = {2417-2428},
      doi = {10.1111/j.1365-2966.2012.20794.x},
   adsurl = {http://adsabs.harvard.edu/abs/2012MNRAS.422.2417D},
  adsnote = {Provided by the SAO/NASA Astrophysics Data System}
}

@ARTICLE{2012ApJ...750L..31R,
   author = {{Robertson}, B. and {Goldreich}, P.},
    title = "{Adiabatic Heating of Contracting Turbulent Fluids}",
  journal = {\apjl},
archivePrefix = "arXiv",
   eprint = {1203.4815},
 keywords = {hydrodynamics, turbulence},
     year = 2012,
    month = may,
   volume = 750,
      eid = {L31},
    pages = {L31},
      doi = {10.1088/2041-8205/750/2/L31},
   adsurl = {http://adsabs.harvard.edu/abs/2012ApJ...750L..31R},
  adsnote = {Provided by the SAO/NASA Astrophysics Data System}
}

@ARTICLE{2012ApJ...750...13C,
   author = {{Collins}, D.~C. and {Kritsuk}, A.~G. and {Padoan}, P. and {Li}, H. and 
	{Xu}, H. and {Ustyugov}, S.~D. and {Norman}, M.~L.},
    title = "{The Two States of Star-forming Clouds}",
  journal = {\apj},
archivePrefix = "arXiv",
   eprint = {1202.2594},
 primaryClass = "astro-ph.SR",
 keywords = {magnetohydrodynamics: MHD, stars: formation},
     year = 2012,
    month = may,
   volume = 750,
      eid = {13},
    pages = {13},
      doi = {10.1088/0004-637X/750/1/13},
   adsurl = {http://adsabs.harvard.edu/abs/2012ApJ...750...13C},
  adsnote = {Provided by the SAO/NASA Astrophysics Data System}
}

@ARTICLE{2012MNRAS.421.3522H,
   author = {{Hopkins}, P.~F. and {Quataert}, E. and {Murray}, N.},
    title = "{Stellar feedback in galaxies and the origin of galaxy-scale winds}",
  journal = {\mnras},
archivePrefix = "arXiv",
   eprint = {1110.4638},
 primaryClass = "astro-ph.CO",
 keywords = {stars: formation, galaxies: active, galaxies: evolution, galaxies: formation, cosmology: theory},
     year = 2012,
    month = apr,
   volume = 421,
    pages = {3522-3537},
      doi = {10.1111/j.1365-2966.2012.20593.x},
   adsurl = {http://adsabs.harvard.edu/abs/2012MNRAS.421.3522H},
  adsnote = {Provided by the SAO/NASA Astrophysics Data System}
}

@ARTICLE{2012ApJ...749L..11B,
   author = {{Badenes}, C. and {Maoz}, D.},
    title = "{The Merger Rate of Binary White Dwarfs in the Galactic Disk}",
  journal = {\apjl},
archivePrefix = "arXiv",
   eprint = {1202.5472},
 primaryClass = "astro-ph.SR",
 keywords = {binaries: close, white dwarfs, supernovae: general},
     year = 2012,
    month = apr,
   volume = 749,
      eid = {L11},
    pages = {L11},
      doi = {10.1088/2041-8205/749/1/L11},
   adsurl = {http://adsabs.harvard.edu/abs/2012ApJ...749L..11B},
  adsnote = {Provided by the SAO/NASA Astrophysics Data System}
}

@ARTICLE{2012A&A...540A.113T,
   author = {{Tackenberg}, J. and {Beuther}, H. and {Henning}, T. and {Schuller}, F. and 
	{Wienen}, M. and {Motte}, F. and {Wyrowski}, F. and {Bontemps}, S. and 
	{Bronfman}, L. and {Menten}, K. and {Testi}, L. and {Lefloch}, B.
	},
    title = "{Search for starless clumps in the ATLASGAL survey}",
  journal = {\aap},
archivePrefix = "arXiv",
   eprint = {1201.4732},
 keywords = {ISM: clouds, stars: formation, surveys, stars: massive, stars: distances, Galaxy: fundamental parameters},
     year = 2012,
    month = apr,
   volume = 540,
      eid = {A113},
    pages = {A113},
      doi = {10.1051/0004-6361/201117412},
   adsurl = {http://adsabs.harvard.edu/abs/2012A%26A...540A.113T},
  adsnote = {Provided by the SAO/NASA Astrophysics Data System}
}

@ARTICLE{2012ApJ...748...35S,
   author = {{Shen}, K.~J. and {Bildsten}, L. and {Kasen}, D. and {Quataert}, E.
	},
    title = "{The Long-term Evolution of Double White Dwarf Mergers}",
  journal = {\apj},
archivePrefix = "arXiv",
   eprint = {1108.4036},
 primaryClass = "astro-ph.HE",
 keywords = {binaries: close, nuclear reactions, nucleosynthesis, abundances, supernovae: general, white dwarfs},
     year = 2012,
    month = mar,
   volume = 748,
      eid = {35},
    pages = {35},
      doi = {10.1088/0004-637X/748/1/35},
   adsurl = {http://adsabs.harvard.edu/abs/2012ApJ...748...35S},
  adsnote = {Provided by the SAO/NASA Astrophysics Data System}
}

@ARTICLE{2012ApJ...747L..10P,
   author = {{Pakmor}, R. and {Kromer}, M. and {Taubenberger}, S. and {Sim}, S.~A. and 
	{R{\"o}pke}, F.~K. and {Hillebrandt}, W.},
    title = "{Normal Type Ia Supernovae from Violent Mergers of White Dwarf Binaries}",
  journal = {\apjl},
archivePrefix = "arXiv",
   eprint = {1201.5123},
 primaryClass = "astro-ph.HE",
 keywords = {binaries: close, hydrodynamics, radiative transfer, supernovae: general},
     year = 2012,
    month = mar,
   volume = 747,
      eid = {L10},
    pages = {L10},
      doi = {10.1088/2041-8205/747/1/L10},
   adsurl = {http://adsabs.harvard.edu/abs/2012ApJ...747L..10P},
  adsnote = {Provided by the SAO/NASA Astrophysics Data System}
}

@ARTICLE{2012ApJ...747...22H,
   author = {{Hansen}, C.~E. and {Klein}, R.~I. and {McKee}, C.~F. and {Fisher}, R.~T.
	},
    title = "{Feedback Effects on Low-mass Star Formation}",
  journal = {\apj},
archivePrefix = "arXiv",
   eprint = {1201.2751},
 primaryClass = "astro-ph.SR",
 keywords = {hydrodynamics, ISM: clouds, ISM: jets and outflows, methods: numerical, stars: formation, stars: luminosity function, mass function, radiative transfer, turbulence},
     year = 2012,
    month = mar,
   volume = 747,
      eid = {22},
    pages = {22},
      doi = {10.1088/0004-637X/747/1/22},
   adsurl = {http://adsabs.harvard.edu/abs/2012ApJ...747...22H},
  adsnote = {Provided by the SAO/NASA Astrophysics Data System}
}

@ARTICLE{2012MNRAS.419.3115B,
   author = {{Bate}, M.~R.},
    title = "{Stellar, brown dwarf and multiple star properties from a radiation hydrodynamical simulation of star cluster formation}",
  journal = {\mnras},
archivePrefix = "arXiv",
   eprint = {1110.1092},
 primaryClass = "astro-ph.SR",
 keywords = {hydrodynamics, radiative transfer, binaries: general, stars: formation, stars: low-mass, stars: luminosity function, mass function},
     year = 2012,
    month = feb,
   volume = 419,
    pages = {3115-3146},
      doi = {10.1111/j.1365-2966.2011.19955.x},
   adsurl = {http://adsabs.harvard.edu/abs/2012MNRAS.419.3115B},
  adsnote = {Provided by the SAO/NASA Astrophysics Data System}
}

@ARTICLE{2012ApJ...746..174R,
   author = {{Ragan}, S.~E. and {Heitsch}, F. and {Bergin}, E.~A. and {Wilner}, D.
	},
    title = "{Very Large Array Observations of Ammonia in Infrared-dark Clouds. II. Internal Kinematics}",
  journal = {\apj},
archivePrefix = "arXiv",
   eprint = {1201.1402},
 keywords = {Galaxy: structure, ISM: clouds, ISM: kinematics and dynamics, radio lines: ISM, stars: formation, techniques: interferometric, techniques: spectroscopic},
     year = 2012,
    month = feb,
   volume = 746,
      eid = {174},
    pages = {174},
      doi = {10.1088/0004-637X/746/2/174},
   adsurl = {http://adsabs.harvard.edu/abs/2012ApJ...746..174R},
  adsnote = {Provided by the SAO/NASA Astrophysics Data System}
}

@ARTICLE{2012ApJ...746...62R,
   author = {{Raskin}, C. and {Scannapieco}, E. and {Fryer}, C. and {Rockefeller}, G. and 
	{Timmes}, F.~X.},
    title = "{Remnants of Binary White Dwarf Mergers}",
  journal = {\apj},
archivePrefix = "arXiv",
   eprint = {1112.1420},
 primaryClass = "astro-ph.HE",
 keywords = {hydrodynamics, nuclear reactions, nucleosynthesis, abundances, supernovae: general, white dwarfs},
     year = 2012,
    month = feb,
   volume = 746,
      eid = {62},
    pages = {62},
      doi = {10.1088/0004-637X/746/1/62},
   adsurl = {http://adsabs.harvard.edu/abs/2012ApJ...746...62R},
  adsnote = {Provided by the SAO/NASA Astrophysics Data System}
}

@ARTICLE{2012ApJ...746...21H,
   author = {{Horesh}, A. and {Kulkarni}, S.~R. and {Fox}, D.~B. and {Carpenter}, J. and 
	{Kasliwal}, M.~M. and {Ofek}, E.~O. and {Quimby}, R. and {Gal-Yam}, A. and 
	{Cenko}, S.~B. and {de Bruyn}, A.~G. and {Kamble}, A. and {Wijers}, R.~A.~M.~J. and 
	{van der Horst}, A.~J. and {Kouveliotou}, C. and {Podsiadlowski}, P. and 
	{Sullivan}, M. and {Maguire}, K. and {Howell}, D.~A. and {Nugent}, P.~E. and 
	{Gehrels}, N. and {Law}, N.~M. and {Poznanski}, D. and {Shara}, M.
	},
    title = "{Early Radio and X-Ray Observations of the Youngest nearby Type Ia Supernova PTF 11kly (SN 2011fe)}",
  journal = {\apj},
archivePrefix = "arXiv",
   eprint = {1109.2912},
 keywords = {radio continuum: general, supernovae: general, X-rays: general},
     year = 2012,
    month = feb,
   volume = 746,
      eid = {21},
    pages = {21},
      doi = {10.1088/0004-637X/746/1/21},
   adsurl = {http://adsabs.harvard.edu/abs/2012ApJ...746...21H},
  adsnote = {Provided by the SAO/NASA Astrophysics Data System}
}

@ARTICLE{2012ApJ...745...69K,
   author = {{Krumholz}, M.~R. and {Dekel}, A. and {McKee}, C.~F.},
    title = "{A Universal, Local Star Formation Law in Galactic Clouds, nearby Galaxies, High-redshift Disks, and Starbursts}",
  journal = {\apj},
archivePrefix = "arXiv",
   eprint = {1109.4150},
 keywords = {galaxies: high-redshift, galaxies: ISM, galaxies: starburst, ISM: clouds, stars: formation},
     year = 2012,
    month = jan,
   volume = 745,
      eid = {69},
    pages = {69},
      doi = {10.1088/0004-637X/745/1/69},
   adsurl = {http://adsabs.harvard.edu/abs/2012ApJ...745...69K},
  adsnote = {Provided by the SAO/NASA Astrophysics Data System}
}

@ARTICLE{2012ApJ...744L..17B,
   author = {{Bloom}, J.~S. and {Kasen}, D. and {Shen}, K.~J. and {Nugent}, P.~E. and 
	{Butler}, N.~R. and {Graham}, M.~L. and {Howell}, D.~A. and 
	{Kolb}, U. and {Holmes}, S. and {Haswell}, C.~A. and {Burwitz}, V. and 
	{Rodriguez}, J. and {Sullivan}, M.},
    title = "{A Compact Degenerate Primary-star Progenitor of SN 2011fe}",
  journal = {\apjl},
archivePrefix = "arXiv",
   eprint = {1111.0966},
 primaryClass = "astro-ph.HE",
 keywords = {supernovae: individual: 2011fe white dwarfs, supernovae: general},
     year = 2012,
    month = jan,
   volume = 744,
      eid = {L17},
    pages = {L17},
      doi = {10.1088/2041-8205/744/2/L17},
   adsurl = {http://adsabs.harvard.edu/abs/2012ApJ...744L..17B},
  adsnote = {Provided by the SAO/NASA Astrophysics Data System}
}

@ARTICLE{2011Natur.480..348L,
   author = {{Li}, W. and {Bloom}, J.~S. and {Podsiadlowski}, P. and {Miller}, A.~A. and 
	{Cenko}, S.~B. and {Jha}, S.~W. and {Sullivan}, M. and {Howell}, D.~A. and 
	{Nugent}, P.~E. and {Butler}, N.~R. and {Ofek}, E.~O. and {Kasliwal}, M.~M. and 
	{Richards}, J.~W. and {Stockton}, A. and {Shih}, H.-Y. and {Bildsten}, L. and 
	{Shara}, M.~M. and {Bibby}, J. and {Filippenko}, A.~V. and {Ganeshalingam}, M. and 
	{Silverman}, J.~M. and {Kulkarni}, S.~R. and {Law}, N.~M. and 
	{Poznanski}, D. and {Quimby}, R.~M. and {McCully}, C. and {Patel}, B. and 
	{Maguire}, K. and {Shen}, K.~J.},
    title = "{Exclusion of a luminous red giant as a companion star to the progenitor of supernova SN 2011fe}",
  journal = {\nat},
archivePrefix = "arXiv",
   eprint = {1109.1593},
 primaryClass = "astro-ph.CO",
     year = 2011,
    month = dec,
   volume = 480,
    pages = {348-350},
      doi = {10.1038/nature10646},
   adsurl = {http://adsabs.harvard.edu/abs/2011Natur.480..348L},
  adsnote = {Provided by the SAO/NASA Astrophysics Data System}
}

@ARTICLE{2011Natur.480..344N,
   author = {{Nugent}, P.~E. and {Sullivan}, M. and {Cenko}, S.~B. and {Thomas}, R.~C. and 
	{Kasen}, D. and {Howell}, D.~A. and {Bersier}, D. and {Bloom}, J.~S. and 
	{Kulkarni}, S.~R. and {Kandrashoff}, M.~T. and {Filippenko}, A.~V. and 
	{Silverman}, J.~M. and {Marcy}, G.~W. and {Howard}, A.~W. and 
	{Isaacson}, H.~T. and {Maguire}, K. and {Suzuki}, N. and {Tarlton}, J.~E. and 
	{Pan}, Y.-C. and {Bildsten}, L. and {Fulton}, B.~J. and {Parrent}, J.~T. and 
	{Sand}, D. and {Podsiadlowski}, P. and {Bianco}, F.~B. and {Dilday}, B. and 
	{Graham}, M.~L. and {Lyman}, J. and {James}, P. and {Kasliwal}, M.~M. and 
	{Law}, N.~M. and {Quimby}, R.~M. and {Hook}, I.~M. and {Walker}, E.~S. and 
	{Mazzali}, P. and {Pian}, E. and {Ofek}, E.~O. and {Gal-Yam}, A. and 
	{Poznanski}, D.},
    title = "{Supernova SN 2011fe from an exploding carbon-oxygen white dwarf star}",
  journal = {\nat},
archivePrefix = "arXiv",
   eprint = {1110.6201},
     year = 2011,
    month = dec,
   volume = 480,
    pages = {344-347},
      doi = {10.1038/nature10644},
   adsurl = {http://adsabs.harvard.edu/abs/2011Natur.480..344N},
  adsnote = {Provided by the SAO/NASA Astrophysics Data System}
}

@ARTICLE{2011MNRAS.418.2618L,
   author = {{Lamberts}, A. and {Fromang}, S. and {Dubus}, G.},
    title = "{High-resolution numerical simulations of unstable colliding stellar winds}",
  journal = {\mnras},
archivePrefix = "arXiv",
   eprint = {1109.1434},
 primaryClass = "astro-ph.SR",
 keywords = {hydrodynamics, instabilities, methods: numerical, binaries: general, stars: massive, stars: winds, outflows},
     year = 2011,
    month = dec,
   volume = 418,
    pages = {2618-2629},
      doi = {10.1111/j.1365-2966.2011.19653.x},
   adsurl = {http://adsabs.harvard.edu/abs/2011MNRAS.418.2618L},
  adsnote = {Provided by the SAO/NASA Astrophysics Data System}
}

@ARTICLE{2011MNRAS.417..950H,
   author = {{Hopkins}, P.~F. and {Quataert}, E. and {Murray}, N.},
    title = "{Self-regulated star formation in galaxies via momentum input from massive stars}",
  journal = {\mnras},
archivePrefix = "arXiv",
   eprint = {1101.4940},
 primaryClass = "astro-ph.CO",
 keywords = {galaxies: evolution, galaxies: formation, cosmology: theory},
     year = 2011,
    month = oct,
   volume = 417,
    pages = {950-973},
      doi = {10.1111/j.1365-2966.2011.19306.x},
   adsurl = {http://adsabs.harvard.edu/abs/2011MNRAS.417..950H},
  adsnote = {Provided by the SAO/NASA Astrophysics Data System}
}

@ARTICLE{2011ApJ...740L...5C,
   author = {{Csengeri}, T. and {Bontemps}, S. and {Schneider}, N. and {Motte}, F. and 
	{Gueth}, F. and {Hora}, J.~L.},
    title = "{Convergent Flows and Low-velocity Shocks in DR21(OH)}",
  journal = {\apjl},
archivePrefix = "arXiv",
   eprint = {1108.4451},
 keywords = {ISM: kinematics and dynamics, stars: formation},
     year = 2011,
    month = oct,
   volume = 740,
      eid = {L5},
    pages = {L5},
      doi = {10.1088/2041-8205/740/1/L5},
   adsurl = {http://adsabs.harvard.edu/abs/2011ApJ...740L...5C},
  adsnote = {Provided by the SAO/NASA Astrophysics Data System}
}

@ARTICLE{2011ApJ...740..107C,
   author = {{Cunningham}, A.~J. and {Klein}, R.~I. and {Krumholz}, M.~R. and 
	{McKee}, C.~F.},
    title = "{Radiation-hydrodynamic Simulations of Massive Star Formation with Protostellar Outflows}",
  journal = {\apj},
archivePrefix = "arXiv",
   eprint = {1104.1218},
 primaryClass = "astro-ph.SR",
 keywords = {binaries: general, stars: formation, stars: pre-main sequence, stars: winds, outflows},
     year = 2011,
    month = oct,
   volume = 740,
      eid = {107},
    pages = {107},
      doi = {10.1088/0004-637X/740/2/107},
   adsurl = {http://adsabs.harvard.edu/abs/2011ApJ...740..107C},
  adsnote = {Provided by the SAO/NASA Astrophysics Data System}
}

@ARTICLE{2011ApJ...740...36N,
   author = {{Nakamura}, F. and {Li}, Z.-Y.},
    title = "{Clustered Star Formation in Magnetic Clouds: Properties of Dense Cores Formed in Outflow-driven Turbulence}",
  journal = {\apj},
archivePrefix = "arXiv",
   eprint = {1107.3616},
 primaryClass = "astro-ph.SR",
 keywords = {ISM: clouds, ISM: magnetic fields, magnetohydrodynamics: MHD, polarization, stars: formation, turbulence},
     year = 2011,
    month = oct,
   volume = 740,
      eid = {36},
    pages = {36},
      doi = {10.1088/0004-637X/740/1/36},
   adsurl = {http://adsabs.harvard.edu/abs/2011ApJ...740...36N},
  adsnote = {Provided by the SAO/NASA Astrophysics Data System}
}

@ARTICLE{2011arXiv1109.4334Z,
   author = {{Zhu}, C. and {Chang}, P. and {van Kerkwijk}, M. and {Wadsley}, J.
	},
    title = "{Properties of Carbon-Oxygen White Dwarf Merger Remnants}",
  journal = {ArXiv e-prints},
archivePrefix = "arXiv",
   eprint = {1109.4334},
 primaryClass = "astro-ph.SR",
 keywords = {Astrophysics - Solar and Stellar Astrophysics},
     year = 2011,
    month = sep,
   adsurl = {http://adsabs.harvard.edu/abs/2011arXiv1109.4334Z},
  adsnote = {Provided by the SAO/NASA Astrophysics Data System}
}

@ARTICLE{2011ARA&A..49...67W,
   author = {{Williams}, J.~P. and {Cieza}, L.~A.},
    title = "{Protoplanetary Disks and Their Evolution}",
  journal = {\araa},
archivePrefix = "arXiv",
   eprint = {1103.0556},
 primaryClass = "astro-ph.GA",
     year = 2011,
    month = sep,
   volume = 49,
    pages = {67-117},
      doi = {10.1146/annurev-astro-081710-102548},
   adsurl = {http://adsabs.harvard.edu/abs/2011ARA%26A..49...67W},
  adsnote = {Provided by the SAO/NASA Astrophysics Data System}
}

@ARTICLE{2011ApJ...738...21W,
   author = {{Waldman}, R. and {Sauer}, D. and {Livne}, E. and {Perets}, H. and 
	{Glasner}, A. and {Mazzali}, P. and {Truran}, J.~W. and {Gal-Yam}, A.
	},
    title = "{Helium Shell Detonations on Low-mass White Dwarfs as a Possible Explanation for SN 2005E}",
  journal = {\apj},
archivePrefix = "arXiv",
   eprint = {1009.3829},
 primaryClass = "astro-ph.SR",
 keywords = {supernovae: individual: SN 2005E, white dwarfs},
     year = 2011,
    month = sep,
   volume = 738,
      eid = {21},
    pages = {21},
      doi = {10.1088/0004-637X/738/1/21},
   adsurl = {http://adsabs.harvard.edu/abs/2011ApJ...738...21W},
  adsnote = {Provided by the SAO/NASA Astrophysics Data System}
}

@ARTICLE{2011ApJ...737...89D,
   author = {{Dan}, M. and {Rosswog}, S. and {Guillochon}, J. and {Ramirez-Ruiz}, E.
	},
    title = "{Prelude to A Double Degenerate Merger: The Onset of Mass Transfer and Its Impact on Gravitational Waves and Surface Detonations}",
  journal = {\apj},
archivePrefix = "arXiv",
   eprint = {1101.5132},
 primaryClass = "astro-ph.HE",
 keywords = {hydrodynamics, nuclear reactions, nucleosynthesis, abundances, supernovae: general, white dwarfs},
     year = 2011,
    month = aug,
   volume = 737,
      eid = {89},
    pages = {89},
      doi = {10.1088/0004-637X/737/2/89},
   adsurl = {http://adsabs.harvard.edu/abs/2011ApJ...737...89D},
  adsnote = {Provided by the SAO/NASA Astrophysics Data System}
}

@ARTICLE{2011ApJ...734..117S,
   author = {{Schlichting}, H.~E. and {Chang}, P.},
    title = "{Warm Saturns: On the Nature of Rings around Extrasolar Planets That Reside inside the Ice Line}",
  journal = {\apj},
archivePrefix = "arXiv",
   eprint = {1104.3863},
 primaryClass = "astro-ph.EP",
 keywords = {planets and satellites: detection, planets and satellites: general, planets and satellites: rings},
     year = 2011,
    month = jun,
   volume = 734,
      eid = {117},
    pages = {117},
      doi = {10.1088/0004-637X/734/2/117},
   adsurl = {http://adsabs.harvard.edu/abs/2011ApJ...734..117S},
  adsnote = {Provided by the SAO/NASA Astrophysics Data System}
}

@ARTICLE{2011A&A...530A..53K,
   author = {{Klaassen}, P.~D. and {Wilson}, C.~D. and {Keto}, E.~R. and 
	{Zhang}, Q. and {Galv{\'a}n-Madrid}, R. and {Liu}, H.-Y.~B.},
    title = "{High resolution CO observation of massive star forming regions}",
  journal = {\aap},
archivePrefix = "arXiv",
   eprint = {1103.5706},
 primaryClass = "astro-ph.SR",
 keywords = {stars: massive, stars: protostars, ISM: jets and outflows, ISM: kinematics and dynamics, submillimeter: ISM, HII regions},
     year = 2011,
    month = jun,
   volume = 530,
      eid = {A53},
    pages = {A53},
      doi = {10.1051/0004-6361/201016371},
   adsurl = {http://adsabs.harvard.edu/abs/2011A%26A...530A..53K},
  adsnote = {Provided by the SAO/NASA Astrophysics Data System}
}

@ARTICLE{2011ApJ...732...25C,
   author = {{Chang}, P. and {Hui}, L.},
    title = "{Stellar Structure and Tests of Modified Gravity}",
  journal = {\apj},
archivePrefix = "arXiv",
   eprint = {1011.4107},
 keywords = {cosmological parameters, cosmology: theory, stars: evolution},
     year = 2011,
    month = may,
   volume = 732,
      eid = {25},
    pages = {25},
      doi = {10.1088/0004-637X/732/1/25},
   adsurl = {http://adsabs.harvard.edu/abs/2011ApJ...732...25C},
  adsnote = {Provided by the SAO/NASA Astrophysics Data System}
}

@ARTICLE{2011ApJ...731...62F,
   author = {{Federrath}, C. and {Sur}, S. and {Schleicher}, D.~R.~G. and 
	{Banerjee}, R. and {Klessen}, R.~S.},
    title = "{A New Jeans Resolution Criterion for (M)HD Simulations of Self-gravitating Gas: Application to Magnetic Field Amplification by Gravity-driven Turbulence}",
  journal = {\apj},
archivePrefix = "arXiv",
   eprint = {1102.0266},
 primaryClass = "astro-ph.SR",
 keywords = {dynamo, hydrodynamics, ISM: clouds, ISM: kinematics and dynamics, ISM: structure, magnetohydrodynamics: MHD, methods: numerical, turbulence},
     year = 2011,
    month = apr,
   volume = 731,
      eid = {62},
    pages = {62},
      doi = {10.1088/0004-637X/731/1/62},
   adsurl = {http://adsabs.harvard.edu/abs/2011ApJ...731...62F},
  adsnote = {Provided by the SAO/NASA Astrophysics Data System}
}

@ARTICLE{2011ApJ...731...59C,
   author = {{Collins}, D.~C. and {Padoan}, P. and {Norman}, M.~L. and {Xu}, H.
	},
    title = "{Mass and Magnetic Distributions in Self-gravitating Super-Alfv{\'e}nic Turbulence with Adaptive Mesh Refinement}",
  journal = {\apj},
archivePrefix = "arXiv",
   eprint = {1008.2402},
 keywords = {ISM: clouds, ISM: kinematics and dynamics, ISM: magnetic fields, magnetohydrodynamics: MHD},
     year = 2011,
    month = apr,
   volume = 731,
      eid = {59},
    pages = {59},
      doi = {10.1088/0004-637X/731/1/59},
   adsurl = {http://adsabs.harvard.edu/abs/2011ApJ...731...59C},
  adsnote = {Provided by the SAO/NASA Astrophysics Data System}
}

@ARTICLE{2011A&A...528A.117P,
   author = {{Pakmor}, R. and {Hachinger}, S. and {R{\"o}pke}, F.~K. and 
	{Hillebrandt}, W.},
    title = "{Violent mergers of nearly equal-mass white dwarf as progenitors of subluminous Type Ia supernovae}",
  journal = {\aap},
archivePrefix = "arXiv",
   eprint = {1102.1354},
 primaryClass = "astro-ph.SR",
 keywords = {supernovae: general, hydrodynamics, binaries: close},
     year = 2011,
    month = apr,
   volume = 528,
      eid = {A117},
    pages = {A117},
      doi = {10.1051/0004-6361/201015653},
   adsurl = {http://adsabs.harvard.edu/abs/2011A%26A...528A.117P},
  adsnote = {Provided by the SAO/NASA Astrophysics Data System}
}

@ARTICLE{2011A&A...528A.114T,
   author = {{Tylenda}, R. and {Hajduk}, M. and {Kami{\'n}ski}, T. and {Udalski}, A. and 
	{Soszy{\'n}ski}, I. and {Szyma{\'n}ski}, M.~K. and {Kubiak}, M. and 
	{Pietrzy{\'n}ski}, G. and {Poleski}, R. and {Wyrzykowski}, {\L}. and 
	{Ulaczyk}, K.},
    title = "{V1309 Scorpii: merger of a contact binary}",
  journal = {\aap},
archivePrefix = "arXiv",
   eprint = {1012.0163},
 primaryClass = "astro-ph.SR",
 keywords = {stars: individual: V1309 Sco, binaries: general, stars: peculiar},
     year = 2011,
    month = apr,
   volume = 528,
      eid = {A114},
    pages = {A114},
      doi = {10.1051/0004-6361/201016221},
   adsurl = {http://adsabs.harvard.edu/abs/2011A%26A...528A.114T},
  adsnote = {Provided by the SAO/NASA Astrophysics Data System}
}

@ARTICLE{2011ApJ...730...40P,
   author = {{Padoan}, P. and {Nordlund}, {\AA}.},
    title = "{The Star Formation Rate of Supersonic Magnetohydrodynamic Turbulence}",
  journal = {\apj},
archivePrefix = "arXiv",
   eprint = {0907.0248},
 primaryClass = "astro-ph.GA",
 keywords = {ISM: kinematics and dynamics, magnetohydrodynamics: MHD, stars: formation, turbulence},
     year = 2011,
    month = mar,
   volume = 730,
      eid = {40},
    pages = {40},
      doi = {10.1088/0004-637X/730/1/40},
   adsurl = {http://adsabs.harvard.edu/abs/2011ApJ...730...40P},
  adsnote = {Provided by the SAO/NASA Astrophysics Data System}
}

@ARTICLE{2011ApJ...729..133M,
   author = {{Murray}, N.},
    title = "{Star Formation Efficiencies and Lifetimes of Giant Molecular Clouds in the Milky Way}",
  journal = {\apj},
archivePrefix = "arXiv",
   eprint = {1007.3270},
 keywords = {galaxies: star clusters: general, ISM: bubbles, ISM: clouds, stars: formation},
     year = 2011,
    month = mar,
   volume = 729,
      eid = {133},
    pages = {133},
      doi = {10.1088/0004-637X/729/2/133},
   adsurl = {http://adsabs.harvard.edu/abs/2011ApJ...729..133M},
  adsnote = {Provided by the SAO/NASA Astrophysics Data System}
}

@ARTICLE{2011ApJ...729..120G,
   author = {{Gong}, H. and {Ostriker}, E.~C.},
    title = "{Dense Core Formation in Supersonic Turbulent Converging Flows}",
  journal = {\apj},
archivePrefix = "arXiv",
   eprint = {1101.2650},
 primaryClass = "astro-ph.SR",
 keywords = {ISM: structure, methods: numerical, stars: formation, turbulence},
     year = 2011,
    month = mar,
   volume = 729,
      eid = {120},
    pages = {120},
      doi = {10.1088/0004-637X/729/2/120},
   adsurl = {http://adsabs.harvard.edu/abs/2011ApJ...729..120G},
  adsnote = {Provided by the SAO/NASA Astrophysics Data System}
}

@ARTICLE{2011A&A...527A.135C,
   author = {{Csengeri}, T. and {Bontemps}, S. and {Schneider}, N. and {Motte}, F. and 
	{Dib}, S.},
    title = "{Gas dynamics in massive dense cores in Cygnus-X}",
  journal = {\aap},
archivePrefix = "arXiv",
   eprint = {1009.0598},
 keywords = {ISM: kinematics and dynamics, radio lines: ISM, molecular data, star: protostars},
     year = 2011,
    month = mar,
   volume = 527,
      eid = {A135},
    pages = {A135},
      doi = {10.1051/0004-6361/201014984},
   adsurl = {http://adsabs.harvard.edu/abs/2011A%26A...527A.135C},
  adsnote = {Provided by the SAO/NASA Astrophysics Data System}
}

@ARTICLE{2011MNRAS.411..915R,
   author = {{Romanova}, M.~M. and {Long}, M. and {Lamb}, F.~K. and {Kulkarni}, A.~K. and 
	{Donati}, J.-F.},
    title = "{Global 3D simulations of disc accretion on to the classical T Tauri star V2129 Oph}",
  journal = {\mnras},
archivePrefix = "arXiv",
   eprint = {0912.1681},
 primaryClass = "astro-ph.SR",
 keywords = {accretion, accretion discs, magnetic fields, MHD, stars: magnetic field},
     year = 2011,
    month = feb,
   volume = 411,
    pages = {915-928},
      doi = {10.1111/j.1365-2966.2010.17724.x},
   adsurl = {http://adsabs.harvard.edu/abs/2011MNRAS.411..915R},
  adsnote = {Provided by the SAO/NASA Astrophysics Data System}
}

@ARTICLE{2011MNRAS.410.2625P,
   author = {{Piontek}, F. and {Steinmetz}, M.},
    title = "{The modelling of feedback processes in cosmological simulations of disc galaxy formation}",
  journal = {\mnras},
archivePrefix = "arXiv",
   eprint = {0909.4156},
 keywords = {hydrodynamics, methods: numerical, galaxies: evolution, galaxies: formation, galaxies: spiral, galaxies: structure},
     year = 2011,
    month = feb,
   volume = 410,
    pages = {2625-2642},
      doi = {10.1111/j.1365-2966.2010.17637.x},
   adsurl = {http://adsabs.harvard.edu/abs/2011MNRAS.410.2625P},
  adsnote = {Provided by the SAO/NASA Astrophysics Data System}
}

@ARTICLE{2011MNRAS.410L...8C,
   author = {{Cho}, W. and {Kim}, J.},
    title = "{Enhanced core formation rate in a turbulent cloud by self-gravity}",
  journal = {\mnras},
archivePrefix = "arXiv",
   eprint = {1010.2882},
 keywords = {MHD, turbulence, methods: numerical, stars: formation, ISM: clouds},
     year = 2011,
    month = jan,
   volume = 410,
    pages = {L8-L12},
      doi = {10.1111/j.1745-3933.2010.00968.x},
   adsurl = {http://adsabs.harvard.edu/abs/2011MNRAS.410L...8C},
  adsnote = {Provided by the SAO/NASA Astrophysics Data System}
}

@ARTICLE{2011ApJS..192....3P,
   author = {{Paxton}, B. and {Bildsten}, L. and {Dotter}, A. and {Herwig}, F. and 
	{Lesaffre}, P. and {Timmes}, F.},
    title = "{Modules for Experiments in Stellar Astrophysics (MESA)}",
  journal = {\apjs},
archivePrefix = "arXiv",
   eprint = {1009.1622},
 primaryClass = "astro-ph.SR",
 keywords = {methods: numerical, stars: evolution, stars: general},
     year = 2011,
    month = jan,
   volume = 192,
      eid = {3},
    pages = {3},
      doi = {10.1088/0067-0049/192/1/3},
   adsurl = {http://adsabs.harvard.edu/abs/2011ApJS..192....3P},
  adsnote = {Provided by the SAO/NASA Astrophysics Data System}
}

@ARTICLE{2011ApJ...727L..20K,
   author = {{Kritsuk}, A.~G. and {Norman}, M.~L. and {Wagner}, R.},
    title = "{On the Density Distribution in Star-forming Interstellar Clouds}",
  journal = {\apjl},
archivePrefix = "arXiv",
   eprint = {1007.2950},
 primaryClass = "astro-ph.GA",
 keywords = {ISM: structure, methods: numerical, stars: formation, turbulence},
     year = 2011,
    month = jan,
   volume = 727,
      eid = {L20},
    pages = {L20},
      doi = {10.1088/2041-8205/727/1/L20},
   adsurl = {http://adsabs.harvard.edu/abs/2011ApJ...727L..20K},
  adsnote = {Provided by the SAO/NASA Astrophysics Data System}
}

@ARTICLE{2011A&A...525A.151B,
   author = {{Beltr{\'a}n}, M.~T. and {Cesaroni}, R. and {Neri}, R. and {Codella}, C.
	},
    title = "{Rotating toroids in G10.62-0.38, G19.61-0.23, and G29.96-0.02}",
  journal = {\aap},
archivePrefix = "arXiv",
   eprint = {1010.0843},
 keywords = {ISM: individual objects: G10.62-0.38, ISM: molecules, radio lines: ISM, stars: formation, ISM: individual objects: G19.61-0.23, ISM: individual objects: G29.96-0.02},
     year = 2011,
    month = jan,
   volume = 525,
      eid = {A151},
    pages = {A151},
      doi = {10.1051/0004-6361/201015049},
   adsurl = {http://adsabs.harvard.edu/abs/2011A%26A...525A.151B},
  adsnote = {Provided by the SAO/NASA Astrophysics Data System}
}

@ARTICLE{2010MNRAS.409..985D,
   author = {{Dubois}, Y. and {Devriendt}, J. and {Slyz}, A. and {Teyssier}, R.
	},
    title = "{Jet-regulated cooling catastrophe}",
  journal = {\mnras},
archivePrefix = "arXiv",
   eprint = {1004.1851},
 keywords = {methods: numerical, galaxies: active, galaxies: clusters: general, galaxies: jets},
     year = 2010,
    month = dec,
   volume = 409,
    pages = {985-1001},
      doi = {10.1111/j.1365-2966.2010.17338.x},
   adsurl = {http://adsabs.harvard.edu/abs/2010MNRAS.409..985D},
  adsnote = {Provided by the SAO/NASA Astrophysics Data System}
}

@ARTICLE{2010ApJ...725...17G,
   author = {{Galv{\'a}n-Madrid}, R. and {Zhang}, Q. and {Keto}, E. and {Ho}, P.~T.~P. and 
	{Zapata}, L.~A. and {Rodr{\'{\i}}guez}, L.~F. and {Pineda}, J.~E. and 
	{V{\'a}zquez-Semadeni}, E.},
    title = "{From the Convergence of Filaments to Disk-outflow Accretion: Massive Star Formation in W33A}",
  journal = {\apj},
archivePrefix = "arXiv",
   eprint = {1004.2466},
 keywords = {H II regions, ISM: individual objects: W33A, stars: formation},
     year = 2010,
    month = dec,
   volume = 725,
    pages = {17-28},
      doi = {10.1088/0004-637X/725/1/17},
   adsurl = {http://adsabs.harvard.edu/abs/2010ApJ...725...17G},
  adsnote = {Provided by the SAO/NASA Astrophysics Data System}
}

@INPROCEEDINGS{2010JPhCS.256a2026L,
   author = {{Loken}, C. and {Gruner}, D. and {Groer}, L. and {Peltier}, R. and 
	{Bunn}, N. and {Craig}, M. and {Henriques}, T. and {Dempsey}, J. and 
	{Yu}, C.-H. and {Chen}, J. and {Dursi}, L.~J. and {Chong}, J. and 
	{Northrup}, S. and {Pinto}, J. and {Knecht}, N. and {Van Zon}, R.
	},
    title = "{SciNet: Lessons Learned from Building a Power-efficient Top-20 System and Data Centre}",
booktitle = {Journal of Physics Conference Series},
     year = 2010,
   series = {Journal of Physics Conference Series},
   volume = 256,
    month = nov,
      eid = {012026},
    pages = {012026},
      doi = {10.1088/1742-6596/256/1/012026},
   adsurl = {http://adsabs.harvard.edu/abs/2010JPhCS.256a2026L},
  adsnote = {Provided by the SAO/NASA Astrophysics Data System}
}

@MISC{2010ascl.soft11007T,
   author = {{Teyssier}, R.},
    title = "{RAMSES: A new N-body and hydrodynamical code}",
 keywords = {Software},
howpublished = {Astrophysics Source Code Library},
     year = 2010,
    month = nov,
archivePrefix = "ascl",
   eprint = {1011.007},
   adsurl = {http://adsabs.harvard.edu/abs/2010ascl.soft11007T},
  adsnote = {Provided by the SAO/NASA Astrophysics Data System}
}

@ARTICLE{2010ApJ...724..687L,
   author = {{Lada}, C.~J. and {Lombardi}, M. and {Alves}, J.~F.},
    title = "{On the Star Formation Rates in Molecular Clouds}",
  journal = {\apj},
archivePrefix = "arXiv",
   eprint = {1009.2985},
 keywords = {dust, extinction, ISM: clouds, stars: formation},
     year = 2010,
    month = nov,
   volume = 724,
    pages = {687-693},
      doi = {10.1088/0004-637X/724/1/687},
   adsurl = {http://adsabs.harvard.edu/abs/2010ApJ...724..687L},
  adsnote = {Provided by the SAO/NASA Astrophysics Data System}
}

@ARTICLE{2010ApJ...724..111R,
   author = {{Raskin}, C. and {Scannapieco}, E. and {Rockefeller}, G. and 
	{Fryer}, C. and {Diehl}, S. and {Timmes}, F.~X.},
    title = "{$^{56}$Ni Production in Double-degenerate White Dwarf Collisions}",
  journal = {\apj},
archivePrefix = "arXiv",
   eprint = {1009.2507},
 primaryClass = "astro-ph.SR",
 keywords = {hydrodynamics, nuclear reactions, nucleosynthesis, abundances, supernovae: general, white dwarfs},
     year = 2010,
    month = nov,
   volume = 724,
    pages = {111-125},
      doi = {10.1088/0004-637X/724/1/111},
   adsurl = {http://adsabs.harvard.edu/abs/2010ApJ...724..111R},
  adsnote = {Provided by the SAO/NASA Astrophysics Data System}
}

@ARTICLE{2010ApJ...723.1019H,
   author = {{Heiderman}, A. and {Evans}, II, N.~J. and {Allen}, L.~E. and 
	{Huard}, T. and {Heyer}, M.},
    title = "{The Star Formation Rate and Gas Surface Density Relation in the Milky Way: Implications for Extragalactic Studies}",
  journal = {\apj},
archivePrefix = "arXiv",
   eprint = {1009.1621},
 keywords = {dust, extinction, galaxies: ISM, galaxies: star formation, infrared: stars, ISM: clouds, stars: formation},
     year = 2010,
    month = nov,
   volume = 723,
      eid = {1019-1037},
    pages = {1019-1037},
      doi = {10.1088/0004-637X/723/2/1019},
   adsurl = {http://adsabs.harvard.edu/abs/2010ApJ...723.1019H},
  adsnote = {Provided by the SAO/NASA Astrophysics Data System}
}

@ARTICLE{2010ApJ...722.1699S,
   author = {{Schruba}, A. and {Leroy}, A.~K. and {Walter}, F. and {Sandstrom}, K. and 
	{Rosolowsky}, E.},
    title = "{The Scale Dependence of the Molecular Gas Depletion Time in M33}",
  journal = {\apj},
archivePrefix = "arXiv",
   eprint = {1009.1651},
 keywords = {galaxies: individual: M33, galaxies: ISM, H II regions, ISM: clouds, stars: formation},
     year = 2010,
    month = oct,
   volume = 722,
    pages = {1699-1706},
      doi = {10.1088/0004-637X/722/2/1699},
   adsurl = {http://adsabs.harvard.edu/abs/2010ApJ...722.1699S},
  adsnote = {Provided by the SAO/NASA Astrophysics Data System}
}

@ARTICLE{2010ApJ...721L.134S,
   author = {{Sur}, S. and {Schleicher}, D.~R.~G. and {Banerjee}, R. and 
	{Federrath}, C. and {Klessen}, R.~S.},
    title = "{The Generation of Strong Magnetic Fields During the Formation of the First Stars}",
  journal = {\apjl},
archivePrefix = "arXiv",
   eprint = {1008.3481},
 keywords = {cosmology: theory, early universe, magnetic fields, methods: numerical, stars: formation, turbulence},
     year = 2010,
    month = oct,
   volume = 721,
    pages = {L134-L138},
      doi = {10.1088/2041-8205/721/2/L134},
   adsurl = {http://adsabs.harvard.edu/abs/2010ApJ...721L.134S},
  adsnote = {Provided by the SAO/NASA Astrophysics Data System}
}

@ARTICLE{2010MNRAS.407.2007C,
   author = {{Chang}, P. and {Strubbe}, L.~E. and {Menou}, K. and {Quataert}, E.
	},
    title = "{Fossil gas and the electromagnetic precursor of supermassive binary black hole mergers}",
  journal = {\mnras},
archivePrefix = "arXiv",
   eprint = {0906.0825},
 primaryClass = "astro-ph.HE",
 keywords = {accretion, accretion discs, black hole physics, gravitational waves, binaries: general, galaxies: active, galaxies: nuclei, quasars: general},
     year = 2010,
    month = sep,
   volume = 407,
    pages = {2007-2016},
      doi = {10.1111/j.1365-2966.2010.17056.x},
   adsurl = {http://adsabs.harvard.edu/abs/2010MNRAS.407.2007C},
  adsnote = {Provided by the SAO/NASA Astrophysics Data System}
}

@ARTICLE{2010ApJ...720.1612M,
   author = {{McKee}, C.~F. and {Li}, P.~S. and {Klein}, R.~I.},
    title = "{Sub-Alfv{\'e}nic Non-ideal MHD Turbulence Simulations with Ambipolar Diffusion. II. Comparison with Observation, Clump Properties, and Scaling to Physical Units}",
  journal = {\apj},
archivePrefix = "arXiv",
   eprint = {1007.2032},
 primaryClass = "astro-ph.SR",
 keywords = {ISM: kinematics and dynamics, ISM: magnetic fields, magnetic fields, magnetohydrodynamics: MHD, stars: formation},
     year = 2010,
    month = sep,
   volume = 720,
    pages = {1612-1634},
      doi = {10.1088/0004-637X/720/2/1612},
   adsurl = {http://adsabs.harvard.edu/abs/2010ApJ...720.1612M},
  adsnote = {Provided by the SAO/NASA Astrophysics Data System}
}

@ARTICLE{2010A&A...520A..49S,
   author = {{Schneider}, N. and {Csengeri}, T. and {Bontemps}, S. and {Motte}, F. and 
	{Simon}, R. and {Hennebelle}, P. and {Federrath}, C. and {Klessen}, R.
	},
    title = "{Dynamic star formation in the massive DR21 filament}",
  journal = {\aap},
archivePrefix = "arXiv",
   eprint = {1003.4198},
 keywords = {ISM: clouds, ISM: individual objects: Cygnus X, ISM: molecules, ISM: kinematics and dynamics, radio lines: ISM, submillimeter: ISM},
     year = 2010,
    month = sep,
   volume = 520,
      eid = {A49},
    pages = {A49},
      doi = {10.1051/0004-6361/201014481},
   adsurl = {http://adsabs.harvard.edu/abs/2010A%26A...520A..49S},
  adsnote = {Provided by the SAO/NASA Astrophysics Data System}
}

@ARTICLE{2010A&A...520A..17K,
   author = {{Klessen}, R.~S. and {Hennebelle}, P.},
    title = "{Accretion-driven turbulence as universal process: galaxies, molecular clouds, and protostellar disks}",
  journal = {\aap},
archivePrefix = "arXiv",
   eprint = {0912.0288},
 keywords = {accretion, accretion disks, turbulence, ISM: kinematics and dynamics, galaxies: kinematic and dynamics, planetary systems: protoplanetary disks, galaxies: ISM},
     year = 2010,
    month = sep,
   volume = 520,
      eid = {A17},
    pages = {A17},
      doi = {10.1051/0004-6361/200913780},
   adsurl = {http://adsabs.harvard.edu/abs/2010A%26A...520A..17K},
  adsnote = {Provided by the SAO/NASA Astrophysics Data System}
}

@ARTICLE{2010MNRAS.406..782S,
   author = {{Sullivan}, M. and {Conley}, A. and {Howell}, D.~A. and {Neill}, J.~D. and 
	{Astier}, P. and {Balland}, C. and {Basa}, S. and {Carlberg}, R.~G. and 
	{Fouchez}, D. and {Guy}, J. and {Hardin}, D. and {Hook}, I.~M. and 
	{Pain}, R. and {Palanque-Delabrouille}, N. and {Perrett}, K.~M. and 
	{Pritchet}, C.~J. and {Regnault}, N. and {Rich}, J. and {Ruhlmann-Kleider}, V. and 
	{Baumont}, S. and {Hsiao}, E. and {Kronborg}, T. and {Lidman}, C. and 
	{Perlmutter}, S. and {Walker}, E.~S.},
    title = "{The dependence of Type Ia Supernovae luminosities on their host galaxies}",
  journal = {\mnras},
archivePrefix = "arXiv",
   eprint = {1003.5119},
 keywords = {supernovae: general, cosmology: observations, distance scale},
     year = 2010,
    month = aug,
   volume = 406,
    pages = {782-802},
      doi = {10.1111/j.1365-2966.2010.16731.x},
   adsurl = {http://adsabs.harvard.edu/abs/2010MNRAS.406..782S},
  adsnote = {Provided by the SAO/NASA Astrophysics Data System}
}

@ARTICLE{2010ApJ...719.1067K,
   author = {{Kromer}, M. and {Sim}, S.~A. and {Fink}, M. and {R{\"o}pke}, F.~K. and 
	{Seitenzahl}, I.~R. and {Hillebrandt}, W.},
    title = "{Double-detonation Sub-Chandrasekhar Supernovae: Synthetic Observables for Minimum Helium Shell Mass Models}",
  journal = {\apj},
archivePrefix = "arXiv",
   eprint = {1006.4489},
 primaryClass = "astro-ph.HE",
 keywords = {methods: numerical, radiative transfer, supernovae: general},
     year = 2010,
    month = aug,
   volume = 719,
    pages = {1067-1082},
      doi = {10.1088/0004-637X/719/2/1067},
   adsurl = {http://adsabs.harvard.edu/abs/2010ApJ...719.1067K},
  adsnote = {Provided by the SAO/NASA Astrophysics Data System}
}

@ARTICLE{2010ApJS..188..313W,
   author = {{Wu}, J. and {Evans}, II, N.~J. and {Shirley}, Y.~L. and {Knez}, C.
	},
    title = "{The Properties of Massive, Dense Clumps: Mapping Surveys of HCN and CS}",
  journal = {\apjs},
archivePrefix = "arXiv",
   eprint = {1004.0398},
 keywords = {galaxies: formation, ISM: clouds, ISM: molecules, stars: formation, submillimeter: ISM},
     year = 2010,
    month = jun,
   volume = 188,
      eid = {313-357},
    pages = {313-357},
      doi = {10.1088/0067-0049/188/2/313},
   adsurl = {http://adsabs.harvard.edu/abs/2010ApJS..188..313W},
  adsnote = {Provided by the SAO/NASA Astrophysics Data System}
}

@ARTICLE{2010ApJ...715..767S,
   author = {{Shen}, K.~J. and {Kasen}, D. and {Weinberg}, N.~N. and {Bildsten}, L. and 
	{Scannapieco}, E.},
    title = "{Thermonuclear .Ia Supernovae from Helium Shell Detonations: Explosion Models and Observables}",
  journal = {\apj},
archivePrefix = "arXiv",
   eprint = {1002.2258},
 primaryClass = "astro-ph.HE",
 keywords = {binaries: close, novae, cataclysmic variables, nuclear reactions, nucleosynthesis, abundances, supernovae: general, white dwarfs},
     year = 2010,
    month = jun,
   volume = 715,
    pages = {767-774},
      doi = {10.1088/0004-637X/715/2/767},
   adsurl = {http://adsabs.harvard.edu/abs/2010ApJ...715..767S},
  adsnote = {Provided by the SAO/NASA Astrophysics Data System}
}

@ARTICLE{2010MNRAS.404.1111G,
   author = {{Guo}, Q. and {White}, S. and {Li}, C. and {Boylan-Kolchin}, M.
	},
    title = "{How do galaxies populate dark matter haloes?}",
  journal = {\mnras},
archivePrefix = "arXiv",
   eprint = {0909.4305},
 primaryClass = "astro-ph.CO",
 keywords = {galaxies: haloes, galaxies: luminosity function, mass function, cosmology: theory, dark matter, large-scale structure of Universe},
     year = 2010,
    month = may,
   volume = 404,
    pages = {1111-1120},
      doi = {10.1111/j.1365-2966.2010.16341.x},
   adsurl = {http://adsabs.harvard.edu/abs/2010MNRAS.404.1111G},
  adsnote = {Provided by the SAO/NASA Astrophysics Data System}
}

@ARTICLE{2010A&A...514A..53F,
   author = {{Fink}, M. and {R{\"o}pke}, F.~K. and {Hillebrandt}, W. and 
	{Seitenzahl}, I.~R. and {Sim}, S.~A. and {Kromer}, M.},
    title = "{Double-detonation sub-Chandrasekhar supernovae: can minimum helium shell masses detonate the core?}",
  journal = {\aap},
archivePrefix = "arXiv",
   eprint = {1002.2173},
 primaryClass = "astro-ph.SR",
 keywords = {supernovae: general, nuclear reactions, nucleosynthesis, abundances, hydrodynamics, methods: numerical},
     year = 2010,
    month = may,
   volume = 514,
      eid = {A53},
    pages = {A53},
      doi = {10.1051/0004-6361/200913892},
   adsurl = {http://adsabs.harvard.edu/abs/2010A%26A...514A..53F},
  adsnote = {Provided by the SAO/NASA Astrophysics Data System}
}

@ARTICLE{2010ApJ...713..269F,
   author = {{Federrath}, C. and {Banerjee}, R. and {Clark}, P.~C. and {Klessen}, R.~S.
	},
    title = "{Modeling Collapse and Accretion in Turbulent Gas Clouds: Implementation and Comparison of Sink Particles in AMR and SPH}",
  journal = {\apj},
archivePrefix = "arXiv",
   eprint = {1001.4456},
 primaryClass = "astro-ph.SR",
 keywords = {accretion, accretion disks, hydrodynamics, ISM: kinematics and dynamics, methods: numerical, shock waves, stars: formation},
     year = 2010,
    month = apr,
   volume = 713,
    pages = {269-290},
      doi = {10.1088/0004-637X/713/1/269},
   adsurl = {http://adsabs.harvard.edu/abs/2010ApJ...713..269F},
  adsnote = {Provided by the SAO/NASA Astrophysics Data System}
}

@ARTICLE{2010ApJ...712..728D,
   author = {{Di Stefano}, R.},
    title = "{The Progenitors of Type Ia Supernovae. I. Are they Supersoft Sources?}",
  journal = {\apj},
archivePrefix = "arXiv",
   eprint = {0912.0757},
 primaryClass = "astro-ph.HE",
 keywords = {binaries: close, planetary nebulae: general, stars: evolution, X-rays: general, X-rays: stars},
     year = 2010,
    month = mar,
   volume = 712,
    pages = {728-733},
      doi = {10.1088/0004-637X/712/1/728},
   adsurl = {http://adsabs.harvard.edu/abs/2010ApJ...712..728D},
  adsnote = {Provided by the SAO/NASA Astrophysics Data System}
}

@ARTICLE{2010A&A...512A..81F,
   author = {{Federrath}, C. and {Roman-Duval}, J. and {Klessen}, R.~S. and 
	{Schmidt}, W. and {Mac Low}, M.-M.},
    title = "{Comparing the statistics of interstellar turbulence in simulations and observations. Solenoidal versus compressive turbulence forcing}",
  journal = {\aap},
archivePrefix = "arXiv",
   eprint = {0905.1060},
 primaryClass = "astro-ph.SR",
 keywords = {hydrodynamics, ISM: clouds, ISM: kinematics and dynamics, methods: numerical, methods: statistical, turbulence},
     year = 2010,
    month = mar,
   volume = 512,
      eid = {A81},
    pages = {A81},
      doi = {10.1051/0004-6361/200912437},
   adsurl = {http://adsabs.harvard.edu/abs/2010A%26A...512A..81F},
  adsnote = {Provided by the SAO/NASA Astrophysics Data System}
}

@ARTICLE{2010Natur.463..924G,
   author = {{Gilfanov}, M. and {Bogd{\'a}n}, {\'A}.},
    title = "{An upper limit on the contribution of accreting white dwarfs to the typeIa supernova rate}",
  journal = {\nat},
archivePrefix = "arXiv",
   eprint = {1002.3359},
     year = 2010,
    month = feb,
   volume = 463,
    pages = {924-925},
      doi = {10.1038/nature08685},
   adsurl = {http://adsabs.harvard.edu/abs/2010Natur.463..924G},
  adsnote = {Provided by the SAO/NASA Astrophysics Data System}
}

@ARTICLE{2010MNRAS.402...73B,
   author = {{Barnes}, P.~J. and {Yonekura}, Y. and {Ryder}, S.~D. and {Hopkins}, A.~M. and 
	{Miyamoto}, Y. and {Furukawa}, N. and {Fukui}, Y.},
    title = "{Discovery of large-scale gravitational infall in a massive protostellar cluster}",
  journal = {\mnras},
archivePrefix = "arXiv",
   eprint = {0812.1789},
 keywords = {astrochemistry, stars: formation, ISM: kinematics and dynamics, ISM: molecules, infrared: ISM, radio lines: ISM},
     year = 2010,
    month = feb,
   volume = 402,
    pages = {73-86},
      doi = {10.1111/j.1365-2966.2009.15890.x},
   adsurl = {http://adsabs.harvard.edu/abs/2010MNRAS.402...73B},
  adsnote = {Provided by the SAO/NASA Astrophysics Data System}
}

@ARTICLE{2010Sci...327...58P,
   author = {{Poznanski}, D. and {Chornock}, R. and {Nugent}, P.~E. and {Bloom}, J.~S. and 
	{Filippenko}, A.~V. and {Ganeshalingam}, M. and {Leonard}, D.~C. and 
	{Li}, W. and {Thomas}, R.~C.},
    title = "{An Unusually Fast-Evolving Supernova}",
  journal = {Science},
archivePrefix = "arXiv",
   eprint = {0911.2699},
 primaryClass = "astro-ph.SR",
     year = 2010,
    month = jan,
   volume = 327,
    pages = {58},
      doi = {10.1126/science.1181709},
   adsurl = {http://adsabs.harvard.edu/abs/2010Sci...327...58P},
  adsnote = {Provided by the SAO/NASA Astrophysics Data System}
}

@ARTICLE{2010Natur.463..203G,
   author = {{Governato}, F. and {Brook}, C. and {Mayer}, L. and {Brooks}, A. and 
	{Rhee}, G. and {Wadsley}, J. and {Jonsson}, P. and {Willman}, B. and 
	{Stinson}, G. and {Quinn}, T. and {Madau}, P.},
    title = "{Bulgeless dwarf galaxies and dark matter cores from supernova-driven outflows}",
  journal = {\nat},
archivePrefix = "arXiv",
   eprint = {0911.2237},
     year = 2010,
    month = jan,
   volume = 463,
    pages = {203-206},
      doi = {10.1038/nature08640},
   adsurl = {http://adsabs.harvard.edu/abs/2010Natur.463..203G},
  adsnote = {Provided by the SAO/NASA Astrophysics Data System}
}

@ARTICLE{2010Natur.463...61P,
   author = {{Pakmor}, R. and {Kromer}, M. and {R{\"o}pke}, F.~K. and {Sim}, S.~A. and 
	{Ruiter}, A.~J. and {Hillebrandt}, W.},
    title = "{Sub-luminous type Ia supernovae from the mergers of equal-mass white dwarfs with mass \~{}0.9M$_{solar}$}",
  journal = {\nat},
archivePrefix = "arXiv",
   eprint = {0911.0926},
 primaryClass = "astro-ph.HE",
     year = 2010,
    month = jan,
   volume = 463,
    pages = {61-64},
      doi = {10.1038/nature08642},
   adsurl = {http://adsabs.harvard.edu/abs/2010Natur.463...61P},
  adsnote = {Provided by the SAO/NASA Astrophysics Data System}
}

@ARTICLE{2010MNRAS.401..791S,
   author = {{Springel}, V.},
    title = "{E pur si muove: Galilean-invariant cosmological hydrodynamical simulations on a moving mesh}",
  journal = {\mnras},
archivePrefix = "arXiv",
   eprint = {0901.4107},
 keywords = {methods: numerical, galaxies: interactions, cosmology: dark matter},
     year = 2010,
    month = jan,
   volume = 401,
    pages = {791-851},
      doi = {10.1111/j.1365-2966.2009.15715.x},
   adsurl = {http://adsabs.harvard.edu/abs/2010MNRAS.401..791S},
  adsnote = {Provided by the SAO/NASA Astrophysics Data System}
}

@ARTICLE{2010ApJ...709..424M,
   author = {{Murray}, N. and {Rahman}, M.},
    title = "{Star Formation in Massive Clusters Via the Wilkinson Microwave Anisotropy Probe and the Spitzer Glimpse Survey}",
  journal = {\apj},
archivePrefix = "arXiv",
   eprint = {0906.1026},
 primaryClass = "astro-ph.GA",
 keywords = {Galaxy: fundamental parameters, H II regions, ISM: bubbles, stars: formation},
     year = 2010,
    month = jan,
   volume = 709,
    pages = {424-435},
      doi = {10.1088/0004-637X/709/1/424},
   adsurl = {http://adsabs.harvard.edu/abs/2010ApJ...709..424M},
  adsnote = {Provided by the SAO/NASA Astrophysics Data System}
}

@ARTICLE{2010ApJ...709...27W,
   author = {{Wang}, P. and {Li}, Z.-Y. and {Abel}, T. and {Nakamura}, F.
	},
    title = "{Outflow Feedback Regulated Massive Star Formation in Parsec-Scale Cluster-Forming Clumps}",
  journal = {\apj},
archivePrefix = "arXiv",
   eprint = {0908.4129},
 primaryClass = "astro-ph.SR",
 keywords = {ISM: jets and outflows, magnetic fields, methods: numerical, magnetohydrodynamics: MHD, stars: formation, turbulence},
     year = 2010,
    month = jan,
   volume = 709,
    pages = {27-41},
      doi = {10.1088/0004-637X/709/1/27},
   adsurl = {http://adsabs.harvard.edu/abs/2010ApJ...709...27W},
  adsnote = {Provided by the SAO/NASA Astrophysics Data System}
}

@ARTICLE{2010ApJ...708.1585K,
   author = {{Kratter}, K.~M. and {Matzner}, C.~D. and {Krumholz}, M.~R. and 
	{Klein}, R.~I.},
    title = "{On the Role of Disks in the Formation of Stellar Systems: A Numerical Parameter Study of Rapid Accretion}",
  journal = {\apj},
archivePrefix = "arXiv",
   eprint = {0907.3476},
 primaryClass = "astro-ph.SR",
 keywords = {accretion, accretion disks, binaries: general, stars: formation, stars: low-mass, brown dwarfs},
     year = 2010,
    month = jan,
   volume = 708,
    pages = {1585-1597},
      doi = {10.1088/0004-637X/708/2/1585},
   adsurl = {http://adsabs.harvard.edu/abs/2010ApJ...708.1585K},
  adsnote = {Provided by the SAO/NASA Astrophysics Data System}
}

@ARTICLE{2009MNRAS.399L.156R,
   author = {{Raskin}, C. and {Timmes}, F.~X. and {Scannapieco}, E. and {Diehl}, S. and 
	{Fryer}, C.},
    title = "{On Type Ia supernovae from the collisions of two white dwarfs}",
  journal = {\mnras},
archivePrefix = "arXiv",
   eprint = {0907.3915},
 primaryClass = "astro-ph.SR",
 keywords = {hydrodynamics , nuclear reactions, nucleosynthesis, abundances , supernovae: general , white dwarfs},
     year = 2009,
    month = oct,
   volume = 399,
    pages = {L156-L159},
      doi = {10.1111/j.1745-3933.2009.00743.x},
   adsurl = {http://adsabs.harvard.edu/abs/2009MNRAS.399L.156R},
  adsnote = {Provided by the SAO/NASA Astrophysics Data System}
}

@ARTICLE{2009ApJ...704..255W,
   author = {{Woosley}, S.~E. and {Kerstein}, A.~R. and {Sankaran}, V. and 
	{Aspden}, A.~J. and {R{\"o}pke}, F.~K.},
    title = "{Type Ia Supernovae: Calculations of Turbulent Flames Using the Linear Eddy Model}",
  journal = {\apj},
archivePrefix = "arXiv",
   eprint = {0811.3610},
 keywords = {hydrodynamics, shock waves, supernovae: general, turbulence},
     year = 2009,
    month = oct,
   volume = 704,
    pages = {255-273},
      doi = {10.1088/0004-637X/704/1/255},
   adsurl = {http://adsabs.harvard.edu/abs/2009ApJ...704..255W},
  adsnote = {Provided by the SAO/NASA Astrophysics Data System}
}

@ARTICLE{2009MNRAS.398.1082B,
   author = {{Banerjee}, R. and {V{\'a}zquez-Semadeni}, E. and {Hennebelle}, P. and 
	{Klessen}, R.~S.},
    title = "{Clump morphology and evolution in MHD simulations of molecular cloud formation}",
  journal = {\mnras},
archivePrefix = "arXiv",
   eprint = {0808.0986},
 keywords = {MHD , methods: numerical , ISM: clouds , ISM: evolution},
     year = 2009,
    month = sep,
   volume = 398,
    pages = {1082-1092},
      doi = {10.1111/j.1365-2966.2009.15115.x},
   adsurl = {http://adsabs.harvard.edu/abs/2009MNRAS.398.1082B},
  adsnote = {Provided by the SAO/NASA Astrophysics Data System}
}

@ARTICLE{2009ApJ...703..131O,
   author = {{Offner}, S.~S.~R. and {Klein}, R.~I. and {McKee}, C.~F. and 
	{Krumholz}, M.~R.},
    title = "{The Effects of Radiative Transfer on Low-Mass Star Formation}",
  journal = {\apj},
archivePrefix = "arXiv",
   eprint = {0904.2004},
 primaryClass = "astro-ph.SR",
 keywords = {hydrodynamics, ISM: clouds, ISM: kinematics and dynamics, methods: numerical, radiative transfer, stars: formation, turbulence},
     year = 2009,
    month = sep,
   volume = 703,
    pages = {131-149},
      doi = {10.1088/0004-637X/703/1/131},
   adsurl = {http://adsabs.harvard.edu/abs/2009ApJ...703..131O},
  adsnote = {Provided by the SAO/NASA Astrophysics Data System}
}

@ARTICLE{2009A&A...500.1193L,
   author = {{Lor{\'e}n-Aguilar}, P. and {Isern}, J. and {Garc{\'{\i}}a-Berro}, E.
	},
    title = "{High-resolution smoothed particle hydrodynamics simulations of the merger of binary white dwarfs}",
  journal = {\aap},
 keywords = {stars: white dwarfs, stars: interiors, stars:, binaries: close, hydrodynamics, accretion, accretion disks},
     year = 2009,
    month = jun,
   volume = 500,
    pages = {1193-1205},
      doi = {10.1051/0004-6361/200811060},
   adsurl = {http://adsabs.harvard.edu/abs/2009A%26A...500.1193L},
  adsnote = {Provided by the SAO/NASA Astrophysics Data System}
}

@INPROCEEDINGS{2009ASPC..406..243L,
   author = {{Lee}, D. and {Deane}, A.~E. and {Federrath}, C.},
    title = "{A New Multidimensional Unsplit MHD Solver in FLASH3}",
booktitle = {Numerical Modeling of Space Plasma Flows: ASTRONUM-2008},
     year = 2009,
   series = {Astronomical Society of the Pacific Conference Series},
   volume = 406,
   editor = {{Pogorelov}, N.~V. and {Audit}, E. and {Colella}, P. and {Zank}, G.~P.
	},
    month = apr,
    pages = {243},
   adsurl = {http://adsabs.harvard.edu/abs/2009ASPC..406..243L},
  adsnote = {Provided by the SAO/NASA Astrophysics Data System}
}

@ARTICLE{2009ApJ...691..946M,
   author = {{Murray}, N.},
    title = "{The Sizes and Luminosities of Massive Star Clusters}",
  journal = {\apj},
archivePrefix = "arXiv",
   eprint = {0809.4320},
 keywords = {galaxies: star clusters, stars: luminosity function, mass function},
     year = 2009,
    month = feb,
   volume = 691,
    pages = {946-962},
      doi = {10.1088/0004-637X/691/2/946},
   adsurl = {http://adsabs.harvard.edu/abs/2009ApJ...691..946M},
  adsnote = {Provided by the SAO/NASA Astrophysics Data System}
}

@ARTICLE{2009ApJ...691..823H,
   author = {{Hosokawa}, T. and {Omukai}, K.},
    title = "{Evolution of Massive Protostars with High Accretion Rates}",
  journal = {\apj},
archivePrefix = "arXiv",
   eprint = {0806.4122},
 keywords = {accretion, accretion disks, stars: early-type, stars: evolution, stars: formation, stars: pre-main sequence},
     year = 2009,
    month = jan,
   volume = 691,
    pages = {823-846},
      doi = {10.1088/0004-637X/691/1/823},
   adsurl = {http://adsabs.harvard.edu/abs/2009ApJ...691..823H},
  adsnote = {Provided by the SAO/NASA Astrophysics Data System}
}

@INBOOK{2009gcgg.book..103S,
   author = {{Scheepmaker}, R.~A. and {Gieles}, M. and {Haas}, M.~R. and 
	{Bastian}, N. and {Larsen}, S.~S.},
    title = "{The Radii of Thousands of Star Clusters in M51 with HST/ACS}",
booktitle = {Globular Clusters - Guides to Galaxies},
     year = 2009,
   editor = {{Richtler}, T. and {Larsen}, S.},
    pages = {103},
      doi = {10.1007/978-3-540-76961-3_24},
   adsurl = {http://adsabs.harvard.edu/abs/2009gcgg.book..103S},
  adsnote = {Provided by the SAO/NASA Astrophysics Data System}
}

@ARTICLE{2008ApJ...689.1173A,
   author = {{Aspden}, A.~J. and {Bell}, J.~B. and {Day}, M.~S. and {Woosley}, S.~E. and 
	{Zingale}, M.},
    title = "{Turbulence-Flame Interactions in Type Ia Supernovae}",
  journal = {\apj},
archivePrefix = "arXiv",
   eprint = {0811.2816},
 keywords = {conduction, hydrodynamics, methods: numerical, nuclear reactions, nucleosynthesis, abundances, supernovae: general, turbulence, white dwarfs},
     year = 2008,
    month = dec,
   volume = 689,
      eid = {1173-1185},
    pages = {1173-1185},
      doi = {10.1086/592726},
   adsurl = {http://adsabs.harvard.edu/abs/2008ApJ...689.1173A},
  adsnote = {Provided by the SAO/NASA Astrophysics Data System}
}

@ARTICLE{2008ApJ...688L..79F,
   author = {{Federrath}, C. and {Klessen}, R.~S. and {Schmidt}, W.},
    title = "{The Density Probability Distribution in Compressible Isothermal Turbulence: Solenoidal versus Compressive Forcing}",
  journal = {\apjl},
archivePrefix = "arXiv",
   eprint = {0808.0605},
 keywords = {hydrodynamics, ISM: clouds, ISM: kinematics and dynamics, ISM: structure, methods: numerical, turbulence },
     year = 2008,
    month = dec,
   volume = 688,
      eid = {L79},
    pages = {L79},
      doi = {10.1086/595280},
   adsurl = {http://adsabs.harvard.edu/abs/2008ApJ...688L..79F},
  adsnote = {Provided by the SAO/NASA Astrophysics Data System}
}

@ARTICLE{2008AJ....136.2846B,
   author = {{Bigiel}, F. and {Leroy}, A. and {Walter}, F. and {Brinks}, E. and 
	{de Blok}, W.~J.~G. and {Madore}, B. and {Thornley}, M.~D.},
    title = "{The Star Formation Law in Nearby Galaxies on Sub-Kpc Scales}",
  journal = {\aj},
archivePrefix = "arXiv",
   eprint = {0810.2541},
 keywords = {galaxies: evolution, galaxies: ISM, radio lines: galaxies, radio lines: ISM},
     year = 2008,
    month = dec,
   volume = 136,
    pages = {2846-2871},
      doi = {10.1088/0004-6256/136/6/2846},
   adsurl = {http://adsabs.harvard.edu/abs/2008AJ....136.2846B},
  adsnote = {Provided by the SAO/NASA Astrophysics Data System}
}

@ARTICLE{2008AJ....136.2782L,
   author = {{Leroy}, A.~K. and {Walter}, F. and {Brinks}, E. and {Bigiel}, F. and 
	{de Blok}, W.~J.~G. and {Madore}, B. and {Thornley}, M.~D.},
    title = "{The Star Formation Efficiency in Nearby Galaxies: Measuring Where Gas Forms Stars Effectively}",
  journal = {\aj},
archivePrefix = "arXiv",
   eprint = {0810.2556},
 keywords = {galaxies: evolution, galaxies: ISM, radio lines: galaxies, stars: formation},
     year = 2008,
    month = dec,
   volume = 136,
    pages = {2782-2845},
      doi = {10.1088/0004-6256/136/6/2782},
   adsurl = {http://adsabs.harvard.edu/abs/2008AJ....136.2782L},
  adsnote = {Provided by the SAO/NASA Astrophysics Data System}
}

@ARTICLE{2008ApJ...686..948B,
   author = {{Bolatto}, A.~D. and {Leroy}, A.~K. and {Rosolowsky}, E. and 
	{Walter}, F. and {Blitz}, L.},
    title = "{The Resolved Properties of Extragalactic Giant Molecular Clouds}",
  journal = {\apj},
archivePrefix = "arXiv",
   eprint = {0807.0009},
 keywords = {galaxies: dwarf, galaxies: individual: IC 10 M31 M33 NGC 185 NGC 205 NGC 1569 NGC 2976 NGC 3077 NGC 4214 NGC 4449 NGC 4605, galaxies: ISM, ISM: clouds, Magellanic Clouds},
     year = 2008,
    month = oct,
   volume = 686,
      eid = {948-965},
    pages = {948-965},
      doi = {10.1086/591513},
   adsurl = {http://adsabs.harvard.edu/abs/2008ApJ...686..948B},
  adsnote = {Provided by the SAO/NASA Astrophysics Data System}
}

@ARTICLE{2008ApJ...684.1273K,
   author = {{Klaassen}, P.~D. and {Wilson}, C.~D.},
    title = "{Outflow and Infall in a Sample of Massive Star Forming Regions. II. Large-Scale Kinematics}",
  journal = {\apj},
archivePrefix = "arXiv",
   eprint = {0805.3499},
 keywords = {stars: formation, ISM: jets and outflows},
     year = 2008,
    month = sep,
   volume = 684,
      eid = {1273-1280},
    pages = {1273-1280},
      doi = {10.1086/590368},
   adsurl = {http://adsabs.harvard.edu/abs/2008ApJ...684.1273K},
  adsnote = {Provided by the SAO/NASA Astrophysics Data System}
}

@ARTICLE{2008ApJ...683L..25P,
   author = {{Pritchet}, C.~J. and {Howell}, D.~A. and {Sullivan}, M.},
    title = "{The Progenitors of Type Ia Supernovae}",
  journal = {\apjl},
archivePrefix = "arXiv",
   eprint = {0806.3729},
 keywords = {stars: evolution, supernovae: general},
     year = 2008,
    month = aug,
   volume = 683,
      eid = {L25},
    pages = {L25},
      doi = {10.1086/591314},
   adsurl = {http://adsabs.harvard.edu/abs/2008ApJ...683L..25P},
  adsnote = {Provided by the SAO/NASA Astrophysics Data System}
}

@ARTICLE{2008ApJS..176..293R,
   author = {{Ricker}, P.~M.},
    title = "{A Direct Multigrid Poisson Solver for Oct-Tree Adaptive Meshes}",
  journal = {\apjs},
archivePrefix = "arXiv",
   eprint = {0710.4397},
 keywords = {gravitation, methods: numerical },
     year = 2008,
    month = may,
   volume = 176,
      eid = {293-300},
    pages = {293-300},
      doi = {10.1086/526425},
   adsurl = {http://adsabs.harvard.edu/abs/2008ApJS..176..293R},
  adsnote = {Provided by the SAO/NASA Astrophysics Data System}
}

@INPROCEEDINGS{2008ASPC..385..145D,
   author = {{Dubey}, A. and {Fisher}, R. and {Graziani}, C. and {Jordan}, IV, G.~C. and 
	{Lamb}, D.~Q. and {Reid}, L.~B. and {Rich}, P. and {Sheeler}, D. and 
	{Townsley}, D. and {Weide}, K.},
    title = "{Challenges of Extreme Computing using the FLASH code}",
booktitle = {Numerical Modeling of Space Plasma Flows},
     year = 2008,
   series = {Astronomical Society of the Pacific Conference Series},
   volume = 385,
   editor = {{Pogorelov}, N.~V. and {Audit}, E. and {Zank}, G.~P.},
    month = apr,
    pages = {145},
   adsurl = {http://adsabs.harvard.edu/abs/2008ASPC..385..145D},
  adsnote = {Provided by the SAO/NASA Astrophysics Data System}
}

@ARTICLE{2007ApJ...670.1275L,
   author = {{Leonard}, D.~C.},
    title = "{Constraining the Type Ia Supernova Progenitor: The Search for Hydrogen in Nebular Spectra}",
  journal = {\apj},
archivePrefix = "arXiv",
   eprint = {0710.3166},
 keywords = {Stars: Binaries: Symbiotic, Stars: Circumstellar Matter, Stars: Supernovae: General, supernovae: individual (SN 2005am), supernovae: individual (SN 2005cf), Stars: White Dwarfs},
     year = 2007,
    month = dec,
   volume = 670,
    pages = {1275-1282},
      doi = {10.1086/522367},
   adsurl = {http://adsabs.harvard.edu/abs/2007ApJ...670.1275L},
  adsnote = {Provided by the SAO/NASA Astrophysics Data System}
}

@ARTICLE{2007A&A...476.1133F,
   author = {{Fink}, M. and {Hillebrandt}, W. and {R{\"o}pke}, F.~K.},
    title = "{Double-detonation supernovae of sub-Chandrasekhar mass white dwarfs}",
  journal = {\aap},
archivePrefix = "arXiv",
   eprint = {0710.5486},
 keywords = {supernovae: general, nuclear reactions, nucleosynthesis, , abundances, hydrodynamics, methods: numerical},
     year = 2007,
    month = dec,
   volume = 476,
    pages = {1133-1143},
      doi = {10.1051/0004-6361:20078438},
   adsurl = {http://adsabs.harvard.edu/abs/2007A%26A...476.1133F},
  adsnote = {Provided by the SAO/NASA Astrophysics Data System}
}

@ARTICLE{2007ApJ...668.1109W,
   author = {{Woosley}, S.~E.},
    title = "{Type Ia Supernovae: Burning and Detonation in the Distributed Regime}",
  journal = {\apj},
archivePrefix = "arXiv",
   eprint = {0709.4237},
 keywords = {Hydrodynamics, Shock Waves, Stars: Supernovae: General, Turbulence},
     year = 2007,
    month = oct,
   volume = 668,
    pages = {1109-1117},
      doi = {10.1086/520835},
   adsurl = {http://adsabs.harvard.edu/abs/2007ApJ...668.1109W},
  adsnote = {Provided by the SAO/NASA Astrophysics Data System}
}

@ARTICLE{2007ApJ...668..236C,
   author = {{Chang}, P. and {Murray-Clay}, R. and {Chiang}, E. and {Quataert}, E.
	},
    title = "{The Origin of the Young Stars in the Nucleus of M31}",
  journal = {\apj},
archivePrefix = "arXiv",
   eprint = {0704.3831},
 keywords = {Galaxies: Individual: Messier Number: M31, Galaxies: Nuclei, Galaxies: Starburst},
     year = 2007,
    month = oct,
   volume = 668,
    pages = {236-244},
      doi = {10.1086/521018},
   adsurl = {http://adsabs.harvard.edu/abs/2007ApJ...668..236C},
  adsnote = {Provided by the SAO/NASA Astrophysics Data System}
}

@ARTICLE{2007MNRAS.380..933Y,
   author = {{Yoon}, S.-C. and {Podsiadlowski}, P. and {Rosswog}, S.},
    title = "{Remnant evolution after a carbon-oxygen white dwarf merger}",
  journal = {\mnras},
archivePrefix = "arXiv",
   eprint = {0704.0297},
 keywords = {accretion, accretion discs, stars: evolution, supernovae: general, white dwarfs},
     year = 2007,
    month = sep,
   volume = 380,
    pages = {933-948},
      doi = {10.1111/j.1365-2966.2007.12161.x},
   adsurl = {http://adsabs.harvard.edu/abs/2007MNRAS.380..933Y},
  adsnote = {Provided by the SAO/NASA Astrophysics Data System}
}

@ARTICLE{2007A&A...469..925S,
   author = {{Scheepmaker}, R.~A. and {Haas}, M.~R. and {Gieles}, M. and 
	{Bastian}, N. and {Larsen}, S.~S. and {Lamers}, H.~J.~G.~L.~M.
	},
    title = "{ACS imaging of star clusters in M 51. I. Identification and radius distribution}",
  journal = {\aap},
archivePrefix = "arXiv",
   eprint = {0704.3604},
 keywords = {galaxies: individual: M 51, galaxies: star clusters},
     year = 2007,
    month = jul,
   volume = 469,
    pages = {925-940},
      doi = {10.1051/0004-6361:20077511},
   adsurl = {http://adsabs.harvard.edu/abs/2007A%26A...469..925S},
  adsnote = {Provided by the SAO/NASA Astrophysics Data System}
}

@ARTICLE{2007ApJ...662L..95B,
   author = {{Bildsten}, L. and {Shen}, K.~J. and {Weinberg}, N.~N. and {Nelemans}, G.
	},
    title = "{Faint Thermonuclear Supernovae from AM Canum Venaticorum Binaries}",
  journal = {\apjl},
   eprint = {astro-ph/0703578},
 keywords = {Stars: Binaries: Close, Stars: Novae, Cataclysmic Variables, Stars: Supernovae: General, Stars: White Dwarfs},
     year = 2007,
    month = jun,
   volume = 662,
    pages = {L95-L98},
      doi = {10.1086/519489},
   adsurl = {http://adsabs.harvard.edu/abs/2007ApJ...662L..95B},
  adsnote = {Provided by the SAO/NASA Astrophysics Data System}
}

@ARTICLE{2007ApJ...662..395N,
   author = {{Nakamura}, F. and {Li}, Z.-Y.},
    title = "{Protostellar Turbulence Driven by Collimated Outflows}",
  journal = {\apj},
   eprint = {astro-ph/0703152},
 keywords = {ISM: Clouds, ISM: Magnetic Fields, Magnetohydrodynamics: MHD, Stars: Formation, Turbulence},
     year = 2007,
    month = jun,
   volume = 662,
    pages = {395-412},
      doi = {10.1086/517515},
   adsurl = {http://adsabs.harvard.edu/abs/2007ApJ...662..395N},
  adsnote = {Provided by the SAO/NASA Astrophysics Data System}
}

@ARTICLE{2007Natur.447..458K,
   author = {{Kulkarni}, S.~R. and {Ofek}, E.~O. and {Rau}, A. and {Cenko}, S.~B. and 
	{Soderberg}, A.~M. and {Fox}, D.~B. and {Gal-Yam}, A. and {Capak}, P.~L. and 
	{Moon}, D.~S. and {Li}, W. and {Filippenko}, A.~V. and {Egami}, E. and 
	{Kartaltepe}, J. and {Sanders}, D.~B.},
    title = "{An unusually brilliant transient in the galaxy M85}",
  journal = {\nat},
archivePrefix = "arXiv",
   eprint = {0705.3668},
     year = 2007,
    month = may,
   volume = 447,
    pages = {458-460},
      doi = {10.1038/nature05822},
   adsurl = {http://adsabs.harvard.edu/abs/2007Natur.447..458K},
  adsnote = {Provided by the SAO/NASA Astrophysics Data System}
}

@ARTICLE{2007ApJ...660.1344R,
   author = {{R{\"o}pke}, F.~K. and {Woosley}, S.~E. and {Hillebrandt}, W.
	},
    title = "{Off-Center Ignition in Type Ia Supernovae. I. Initial Evolution and Implications for Delayed Detonation}",
  journal = {\apj},
   eprint = {astro-ph/0609088},
 keywords = {Hydrodynamics, Instabilities, Methods: Numerical, Stars: Supernovae: General, Turbulence},
     year = 2007,
    month = may,
   volume = 660,
    pages = {1344-1356},
      doi = {10.1086/512769},
   adsurl = {http://adsabs.harvard.edu/abs/2007ApJ...660.1344R},
  adsnote = {Provided by the SAO/NASA Astrophysics Data System}
}

@ARTICLE{2007MNRAS.376.1680P,
   author = {{Pritchard}, J.~R. and {Furlanetto}, S.~R.},
    title = "{21-cm fluctuations from inhomogeneous X-ray heating before reionization}",
  journal = {\mnras},
   eprint = {astro-ph/0607234},
 keywords = {intergalactic medium , cosmology: theory , diffuse radiation , X-rays: diffuse background},
     year = 2007,
    month = apr,
   volume = 376,
    pages = {1680-1694},
      doi = {10.1111/j.1365-2966.2007.11519.x},
   adsurl = {http://adsabs.harvard.edu/abs/2007MNRAS.376.1680P},
  adsnote = {Provided by the SAO/NASA Astrophysics Data System}
}

@ARTICLE{2007ApJ...659.1394M,
   author = {{Matzner}, C.~D.},
    title = "{Protostellar Outflow-driven Turbulence}",
  journal = {\apj},
   eprint = {astro-ph/0701022},
 keywords = {ISM: Clouds, ISM: Individual: NGC Number: NGC 1333, ISM: Kinematics and Dynamics, Stars: Formation, Stars: Winds, Outflows, Turbulence},
     year = 2007,
    month = apr,
   volume = 659,
    pages = {1394-1403},
      doi = {10.1086/512361},
   adsurl = {http://adsabs.harvard.edu/abs/2007ApJ...659.1394M},
  adsnote = {Provided by the SAO/NASA Astrophysics Data System}
}

@ARTICLE{2007Sci...315..825M,
   author = {{Mazzali}, P.~A. and {R{\"o}pke}, F.~K. and {Benetti}, S. and 
	{Hillebrandt}, W.},
    title = "{A Common Explosion Mechanism for Type Ia Supernovae}",
  journal = {Science},
   eprint = {astro-ph/0702351},
     year = 2007,
    month = feb,
   volume = 315,
    pages = {825},
      doi = {10.1126/science.1136259},
   adsurl = {http://adsabs.harvard.edu/abs/2007Sci...315..825M},
  adsnote = {Provided by the SAO/NASA Astrophysics Data System}
}

@ARTICLE{2007ApJ...654..304K,
   author = {{Krumholz}, M.~R. and {Tan}, J.~C.},
    title = "{Slow Star Formation in Dense Gas: Evidence and Implications}",
  journal = {\apj},
   eprint = {astro-ph/0606277},
 keywords = {ISM: Clouds, Stars: Formation},
     year = 2007,
    month = jan,
   volume = 654,
    pages = {304-315},
      doi = {10.1086/509101},
   adsurl = {http://adsabs.harvard.edu/abs/2007ApJ...654..304K},
  adsnote = {Provided by the SAO/NASA Astrophysics Data System}
}

@ARTICLE{2007ApJ...654..240R,
   author = {{Rosolowsky}, E.},
    title = "{Giant Molecular Clouds in M31. I. Molecular Cloud Properties}",
  journal = {\apj},
   eprint = {astro-ph/0609421},
 keywords = {galaxies: individual (Andromeda), Galaxies: ISM, ISM: Clouds, Radio Lines: ISM},
     year = 2007,
    month = jan,
   volume = 654,
    pages = {240-251},
      doi = {10.1086/509249},
   adsurl = {http://adsabs.harvard.edu/abs/2007ApJ...654..240R},
  adsnote = {Provided by the SAO/NASA Astrophysics Data System}
}

@ARTICLE{2007prpl.conf...81B,
   author = {{Blitz}, L. and {Fukui}, Y. and {Kawamura}, A. and {Leroy}, A. and 
	{Mizuno}, N. and {Rosolowsky}, E.},
    title = "{Giant Molecular Clouds in Local Group Galaxies}",
  journal = {Protostars and Planets V},
   eprint = {astro-ph/0602600},
     year = 2007,
    pages = {81-96},
   adsurl = {http://adsabs.harvard.edu/abs/2007prpl.conf...81B},
  adsnote = {Provided by the SAO/NASA Astrophysics Data System}
}

@ARTICLE{2006ApJS..165..188H,
   author = {{Hayes}, J.~C. and {Norman}, M.~L. and {Fiedler}, R.~A. and 
	{Bordner}, J.~O. and {Li}, P.~S. and {Clark}, S.~E. and {ud-Doula}, A. and 
	{Mac Low}, M.-M.},
    title = "{Simulating Radiating and Magnetized Flows in Multiple Dimensions with ZEUS-MP}",
  journal = {\apjs},
   eprint = {astro-ph/0511545},
 keywords = {Hydrodynamics, Methods: Numerical, Magnetohydrodynamics: MHD, Radiative Transfer},
     year = 2006,
    month = jul,
   volume = 165,
    pages = {188-228},
      doi = {10.1086/504594},
   adsurl = {http://adsabs.harvard.edu/abs/2006ApJS..165..188H},
  adsnote = {Provided by the SAO/NASA Astrophysics Data System}
}

@ARTICLE{2006ApJ...638..369K,
   author = {{Krumholz}, M.~R. and {McKee}, C.~F. and {Klein}, R.~I.},
    title = "{Bondi-Hoyle Accretion in a Turbulent Medium}",
  journal = {\apj},
   eprint = {astro-ph/0510410},
 keywords = {Accretion, Accretion Disks, Black Hole Physics, Hydrodynamics, Stars: Formation, Turbulence},
     year = 2006,
    month = feb,
   volume = 638,
    pages = {369-381},
      doi = {10.1086/498844},
   adsurl = {http://adsabs.harvard.edu/abs/2006ApJ...638..369K},
  adsnote = {Provided by the SAO/NASA Astrophysics Data System}
}

@ARTICLE{2006ApJ...638..191K,
   author = {{Koda}, J. and {Sawada}, T. and {Hasegawa}, T. and {Scoville}, N.~Z.
	},
    title = "{The Elongations and Supersonic Motions of Molecular Clouds}",
  journal = {\apj},
   eprint = {astro-ph/0510201},
 keywords = {Galaxy: Disk, Galaxy: Kinematics and Dynamics, ISM: Clouds, ISM: Kinematics and Dynamics},
     year = 2006,
    month = feb,
   volume = 638,
    pages = {191-195},
      doi = {10.1086/498640},
   adsurl = {http://adsabs.harvard.edu/abs/2006ApJ...638..191K},
  adsnote = {Provided by the SAO/NASA Astrophysics Data System}
}

@ARTICLE{2006A&A...445..979P,
   author = {{Peretto}, N. and {Andr{\'e}}, P. and {Belloche}, A.},
    title = "{Probing the formation of intermediate- to high-mass stars in protoclusters. A detailed millimeter study of the NGC 2264 clumps}",
  journal = {\aap},
   eprint = {astro-ph/0508619},
 keywords = {stars: formation, stars: circumstellar matter, ISM: clouds, ISM: molecules, ISM: kinematics and dynamics},
     year = 2006,
    month = jan,
   volume = 445,
    pages = {979-998},
      doi = {10.1051/0004-6361:20053324},
   adsurl = {http://adsabs.harvard.edu/abs/2006A%26A...445..979P},
  adsnote = {Provided by the SAO/NASA Astrophysics Data System}
}

@ARTICLE{2005ApJ...630..250K,
   author = {{Krumholz}, M.~R. and {McKee}, C.~F.},
    title = "{A General Theory of Turbulence-regulated Star Formation, from Spirals to Ultraluminous Infrared Galaxies}",
  journal = {\apj},
   eprint = {astro-ph/0505177},
 keywords = {Galaxies: ISM, Hydrodynamics, ISM: Clouds, ISM: Kinematics and Dynamics, Stars: Formation, Turbulence},
     year = 2005,
    month = sep,
   volume = 630,
    pages = {250-268},
      doi = {10.1086/431734},
   adsurl = {http://adsabs.harvard.edu/abs/2005ApJ...630..250K},
  adsnote = {Provided by the SAO/NASA Astrophysics Data System}
}

@ARTICLE{2005ApJ...626....1B,
   author = {{Barkana}, R. and {Loeb}, A.},
    title = "{Detecting the Earliest Galaxies through Two New Sources of 21 Centimeter Fluctuations}",
  journal = {\apj},
   eprint = {astro-ph/0410129},
 keywords = {Cosmology: Theory, Galaxies: Formation, Galaxies: High-Redshift},
     year = 2005,
    month = jun,
   volume = 626,
    pages = {1-11},
      doi = {10.1086/429954},
   adsurl = {http://adsabs.harvard.edu/abs/2005ApJ...626....1B},
  adsnote = {Provided by the SAO/NASA Astrophysics Data System}
}

@ARTICLE{2005MNRAS.359..211L,
   author = {{Larson}, R.~B.},
    title = "{Thermal physics, cloud geometry and the stellar initial mass function}",
  journal = {\mnras},
   eprint = {astro-ph/0412357},
 keywords = {stars: formation, stars: luminosity function, mass function},
     year = 2005,
    month = may,
   volume = 359,
    pages = {211-222},
      doi = {10.1111/j.1365-2966.2005.08881.x},
   adsurl = {http://adsabs.harvard.edu/abs/2005MNRAS.359..211L},
  adsnote = {Provided by the SAO/NASA Astrophysics Data System}
}

@ARTICLE{2005A&A...433..807M,
   author = {{Mannucci}, F. and {Della Valle}, M. and {Panagia}, N. and {Cappellaro}, E. and 
	{Cresci}, G. and {Maiolino}, R. and {Petrosian}, A. and {Turatto}, M.
	},
    title = "{The supernova rate per unit mass}",
  journal = {\aap},
   eprint = {astro-ph/0411450},
 keywords = {stars: supernovae: general, infrared: galaxies},
     year = 2005,
    month = apr,
   volume = 433,
    pages = {807-814},
      doi = {10.1051/0004-6361:20041411},
   adsurl = {http://adsabs.harvard.edu/abs/2005A%26A...433..807M},
  adsnote = {Provided by the SAO/NASA Astrophysics Data System}
}

@ARTICLE{2005ApJ...622L..61P,
   author = {{Padoan}, P. and {Kritsuk}, A. and {Norman}, M.~L. and {Nordlund}, {\AA}.
	},
    title = "{A Solution to the Pre-Main-Sequence Accretion Problem}",
  journal = {\apjl},
   eprint = {astro-ph/0411129},
 keywords = {ISM: Kinematics and Dynamics, Radio Lines: ISM, Turbulence},
     year = 2005,
    month = mar,
   volume = 622,
    pages = {L61-L64},
      doi = {10.1086/429562},
   adsurl = {http://adsabs.harvard.edu/abs/2005ApJ...622L..61P},
  adsnote = {Provided by the SAO/NASA Astrophysics Data System}
}

@ARTICLE{2005ApJ...618..237W,
   author = {{Walcher}, C.~J. and {van der Marel}, R.~P. and {McLaughlin}, D. and 
	{Rix}, H.-W. and {B{\"o}ker}, T. and {H{\"a}ring}, N. and {Ho}, L.~C. and 
	{Sarzi}, M. and {Shields}, J.~C.},
    title = "{Masses of Star Clusters in the Nuclei of Bulgeless Spiral Galaxies}",
  journal = {\apj},
   eprint = {astro-ph/0409216},
 keywords = {Galaxies: Nuclei, Galaxies: Spiral, Galaxies: Star Clusters, Galaxies: Structure},
     year = 2005,
    month = jan,
   volume = 618,
    pages = {237-246},
      doi = {10.1086/425977},
   adsurl = {http://adsabs.harvard.edu/abs/2005ApJ...618..237W},
  adsnote = {Provided by the SAO/NASA Astrophysics Data System}
}

@ARTICLE{2004ApJ...617..559P,
   author = {{Padoan}, P. and {Nordlund}, {\AA}.},
    title = "{The ``Mysterious'' Origin of Brown Dwarfs}",
  journal = {\apj},
   eprint = {astro-ph/0205019},
 keywords = {ISM: Kinematics and Dynamics, Stars: Formation, Turbulence},
     year = 2004,
    month = dec,
   volume = 617,
    pages = {559-564},
      doi = {10.1086/345413},
   adsurl = {http://adsabs.harvard.edu/abs/2004ApJ...617..559P},
  adsnote = {Provided by the SAO/NASA Astrophysics Data System}
}

@ARTICLE{2004ApJ...611..399K,
   author = {{Krumholz}, M.~R. and {McKee}, C.~F. and {Klein}, R.~I.},
    title = "{Embedding Lagrangian Sink Particles in Eulerian Grids}",
  journal = {\apj},
   eprint = {astro-ph/0312612},
 keywords = {Accretion, Accretion Disks, Hydrodynamics, Methods: Numerical, Shock Waves},
     year = 2004,
    month = aug,
   volume = 611,
    pages = {399-412},
      doi = {10.1086/421935},
   adsurl = {http://adsabs.harvard.edu/abs/2004ApJ...611..399K},
  adsnote = {Provided by the SAO/NASA Astrophysics Data System}
}

@ARTICLE{2004ApJ...605..800L,
   author = {{Li}, P.~S. and {Norman}, M.~L. and {Mac Low}, M.-M. and {Heitsch}, F.
	},
    title = "{The Formation of Self-Gravitating Cores in Turbulent Magnetized Clouds}",
  journal = {\apj},
   eprint = {astro-ph/0312622},
 keywords = {ISM: Clouds, ISM: Kinematics and Dynamics, ISM: Magnetic Fields, Methods: Numerical, Stars: Formation, Turbulence},
     year = 2004,
    month = apr,
   volume = 605,
    pages = {800-818},
      doi = {10.1086/382652},
   adsurl = {http://adsabs.harvard.edu/abs/2004ApJ...605..800L},
  adsnote = {Provided by the SAO/NASA Astrophysics Data System}
}

@ARTICLE{2004ApJ...603..383T,
   author = {{Tan}, J.~C. and {McKee}, C.~F.},
    title = "{The Formation of the First Stars. I. Mass Infall Rates, Accretion Disk Structure, and Protostellar Evolution}",
  journal = {\apj},
   eprint = {astro-ph/0307414},
 keywords = {Cosmology: Theory, Cosmology: Early Universe, Galaxies: Formation, Stars: Formation, Stars: Pre-Main-Sequence},
     year = 2004,
    month = mar,
   volume = 603,
    pages = {383-400},
      doi = {10.1086/381490},
   adsurl = {http://adsabs.harvard.edu/abs/2004ApJ...603..383T},
  adsnote = {Provided by the SAO/NASA Astrophysics Data System}
}

@ARTICLE{2004NewA....9..137W,
   author = {{Wadsley}, J.~W. and {Stadel}, J. and {Quinn}, T.},
    title = "{Gasoline: a flexible, parallel implementation of TreeSPH}",
  journal = {\na},
   eprint = {astro-ph/0303521},
     year = 2004,
    month = feb,
   volume = 9,
    pages = {137-158},
      doi = {10.1016/j.newast.2003.08.004},
   adsurl = {http://adsabs.harvard.edu/abs/2004NewA....9..137W},
  adsnote = {Provided by the SAO/NASA Astrophysics Data System}
}

@ARTICLE{2004A&A...413..257G,
   author = {{Guerrero}, J. and {Garc{\'{\i}}a-Berro}, E. and {Isern}, J.
	},
    title = "{Smoothed Particle Hydrodynamics simulations  of merging white dwarfs}",
  journal = {\aap},
 keywords = {stars: white dwarfs, stars: interiors, stars: binaries: close, hydrodynamics, methods: numerical, accretion, accretion disks},
     year = 2004,
    month = jan,
   volume = 413,
    pages = {257-272},
      doi = {10.1051/0004-6361:20031504},
   adsurl = {http://adsabs.harvard.edu/abs/2004A%26A...413..257G},
  adsnote = {Provided by the SAO/NASA Astrophysics Data System}
}

@ARTICLE{2003ApJ...599..258R,
   author = {{Rosolowsky}, E. and {Engargiola}, G. and {Plambeck}, R. and 
	{Blitz}, L.},
    title = "{Giant Molecular Clouds in M33. II. High-Resolution Observations}",
  journal = {\apj},
   eprint = {astro-ph/0307322},
 keywords = {Galaxies: Individual: Messier Number: M33, Galaxies: Individual: NGC Number: NGC 598, Galaxies: ISM, ISM: Clouds, ISM: Molecules, Radio Lines: Galaxies},
     year = 2003,
    month = dec,
   volume = 599,
    pages = {258-274},
      doi = {10.1086/379166},
   adsurl = {http://adsabs.harvard.edu/abs/2003ApJ...599..258R},
  adsnote = {Provided by the SAO/NASA Astrophysics Data System}
}

@ARTICLE{2003ApJ...585..850M,
   author = {{McKee}, C.~F. and {Tan}, J.~C.},
    title = "{The Formation of Massive Stars from Turbulent Cores}",
  journal = {\apj},
   eprint = {astro-ph/0206037},
 keywords = {Hydrodynamics, ISM: Clouds, Stars: Formation, Turbulence},
     year = 2003,
    month = mar,
   volume = 585,
    pages = {850-871},
      doi = {10.1086/346149},
   adsurl = {http://adsabs.harvard.edu/abs/2003ApJ...585..850M},
  adsnote = {Provided by the SAO/NASA Astrophysics Data System}
}

@ARTICLE{2003ARA&A..41...57L,
   author = {{Lada}, C.~J. and {Lada}, E.~A.},
    title = "{Embedded Clusters in Molecular Clouds}",
  journal = {\araa},
   eprint = {astro-ph/0301540},
     year = 2003,
   volume = 41,
    pages = {57-115},
      doi = {10.1146/annurev.astro.41.011802.094844},
   adsurl = {http://adsabs.harvard.edu/abs/2003ARA%26A..41...57L},
  adsnote = {Provided by the SAO/NASA Astrophysics Data System}
}

@ARTICLE{2002CTM.....6..553K,
   author = {{Kapila}, A.~K. and {Schwendeman}, D.~W. and {Quirk}, J.~J. and 
	{Hawa}, T.},
    title = "{Mechanisms of detonation formation due to a temperature gradient}",
  journal = {Combustion Theory and Modelling},
     year = 2002,
    month = dec,
   volume = 6,
    pages = {553-594},
      doi = {10.1088/1364-7830/6/4/302},
   adsurl = {http://adsabs.harvard.edu/abs/2002CTM.....6..553K},
  adsnote = {Provided by the SAO/NASA Astrophysics Data System}
}

@ARTICLE{2002ApJ...581.1194P,
   author = {{Palla}, F. and {Stahler}, S.~W.},
    title = "{Star Formation in Space and Time: Taurus-Auriga}",
  journal = {\apj},
   eprint = {astro-ph/0208554},
 keywords = {ISM: Clouds, ISM: Individual: Name: Taurus-Auriga, ISM: Kinematics and Dynamics, Galaxy: Open Clusters and Associations: General, Stars: Formation, Stars: Pre-Main-Sequence},
     year = 2002,
    month = dec,
   volume = 581,
    pages = {1194-1203},
      doi = {10.1086/344293},
   adsurl = {http://adsabs.harvard.edu/abs/2002ApJ...581.1194P},
  adsnote = {Provided by the SAO/NASA Astrophysics Data System}
}

@ARTICLE{2002ApJ...576..870P,
   author = {{Padoan}, P. and {Nordlund}, {\AA}.},
    title = "{The Stellar Initial Mass Function from Turbulent Fragmentation}",
  journal = {\apj},
   eprint = {astro-ph/0011465},
 keywords = {ISM: Kinematics and Dynamics, Stars: Formation, Stars: Luminosity Function, Mass Function, Turbulence},
     year = 2002,
    month = sep,
   volume = 576,
    pages = {870-879},
      doi = {10.1086/341790},
   adsurl = {http://adsabs.harvard.edu/abs/2002ApJ...576..870P},
  adsnote = {Provided by the SAO/NASA Astrophysics Data System}
}

@ARTICLE{2002A&A...385..337T,
   author = {{Teyssier}, R.},
    title = "{Cosmological hydrodynamics with adaptive mesh refinement. A new high resolution code called RAMSES}",
  journal = {\aap},
   eprint = {astro-ph/0111367},
 keywords = {GRAVITATION, HYDRODYNAMICS, METHODS: NUMERICAL, COSMOLOGY: THEORY, COSMOLOGY: LARGE-SCALE STRUCTURE OF UNIVERSE},
     year = 2002,
    month = apr,
   volume = 385,
    pages = {337-364},
      doi = {10.1051/0004-6361:20011817},
   adsurl = {http://adsabs.harvard.edu/abs/2002A%26A...385..337T},
  adsnote = {Provided by the SAO/NASA Astrophysics Data System}
}

@ARTICLE{2002Natur.416...59M,
   author = {{McKee}, C.~F. and {Tan}, J.~C.},
    title = "{Massive star formation in 100,000 years from turbulent and pressurized molecular clouds}",
  journal = {\nat},
   eprint = {astro-ph/0203071},
     year = 2002,
    month = mar,
   volume = 416,
    pages = {59-61},
      doi = {10.1038/416059a},
   adsurl = {http://adsabs.harvard.edu/abs/2002Natur.416...59M},
  adsnote = {Provided by the SAO/NASA Astrophysics Data System}
}

@ARTICLE{2001ApJ...551..747S,
   author = {{Simon}, R. and {Jackson}, J.~M. and {Clemens}, D.~P. and {Bania}, T.~M. and 
	{Heyer}, M.~H.},
    title = "{The Structure of Four Molecular Cloud Complexes in the BU-FCRAO Milky Way Galactic Ring Survey}",
  journal = {\apj},
 keywords = {Galaxy: General, ISM: Clouds, ISM: Molecules, ISM: Structure, Radio Lines: ISM, Surveys},
     year = 2001,
    month = apr,
   volume = 551,
    pages = {747-763},
      doi = {10.1086/320230},
   adsurl = {http://adsabs.harvard.edu/abs/2001ApJ...551..747S},
  adsnote = {Provided by the SAO/NASA Astrophysics Data System}
}

@ARTICLE{2000ApJ...545..364M,
   author = {{Matzner}, C.~D. and {McKee}, C.~F.},
    title = "{Efficiencies of Low-Mass Star and Star Cluster Formation}",
  journal = {\apj},
   eprint = {astro-ph/0007383},
 keywords = {ISM: Clouds, Stars: Formation, Stars: Low-Mass, Brown Dwarfs, Stars: Luminosity Function, Mass Function, Stars: Winds, Outflows},
     year = 2000,
    month = dec,
   volume = 545,
    pages = {364-378},
      doi = {10.1086/317785},
   adsurl = {http://adsabs.harvard.edu/abs/2000ApJ...545..364M},
  adsnote = {Provided by the SAO/NASA Astrophysics Data System}
}

@ARTICLE{2000ApJS..131..273F,
   author = {{Fryxell}, B. and {Olson}, K. and {Ricker}, P. and {Timmes}, F.~X. and 
	{Zingale}, M. and {Lamb}, D.~Q. and {MacNeice}, P. and {Rosner}, R. and 
	{Truran}, J.~W. and {Tufo}, H.},
    title = "{FLASH: An Adaptive Mesh Hydrodynamics Code for Modeling Astrophysical Thermonuclear Flashes}",
  journal = {\apjs},
 keywords = {Equation of State, Hydrodynamics, Methods: Numerical, Nuclear Reactions, Nucleosynthesis, Abundances, Stars: General},
     year = 2000,
    month = nov,
   volume = 131,
    pages = {273-334},
      doi = {10.1086/317361},
   adsurl = {http://adsabs.harvard.edu/abs/2000ApJS..131..273F},
  adsnote = {Provided by the SAO/NASA Astrophysics Data System}
}

@ARTICLE{2000ApJ...540..255P,
   author = {{Palla}, F. and {Stahler}, S.~W.},
    title = "{Accelerating Star Formation in Clusters and Associations}",
  journal = {\apj},
 keywords = {open clusters and associations: individual (Chamaeleon IC 348; Lupus; NGC 2264; Orion Nebula Cluster; {$\rho$} Ophiuchi; Taurus-Auriga Upper Scorpius), Stars: Evolution, Stars: Formation, Stars: Pre-Main-Sequence},
     year = 2000,
    month = sep,
   volume = 540,
    pages = {255-270},
      doi = {10.1086/309312},
   adsurl = {http://adsabs.harvard.edu/abs/2000ApJ...540..255P},
  adsnote = {Provided by the SAO/NASA Astrophysics Data System}
}

@ARTICLE{2000ApJ...535..887K,
   author = {{Klessen}, R.~S. and {Heitsch}, F. and {Mac Low}, M.-M.},
    title = "{Gravitational Collapse in Turbulent Molecular Clouds. I. Gasdynamical Turbulence}",
  journal = {\apj},
   eprint = {astro-ph/9911068},
 keywords = {Hydrodynamics, ISM: Clouds, ISM: Kinematics and Dynamics, Stars: Formation, Turbulence},
     year = 2000,
    month = jun,
   volume = 535,
    pages = {887-906},
      doi = {10.1086/308891},
   adsurl = {http://adsabs.harvard.edu/abs/2000ApJ...535..887K},
  adsnote = {Provided by the SAO/NASA Astrophysics Data System}
}

@ARTICLE{2000ApJ...535..869K,
   author = {{Klessen}, R.~S.},
    title = "{One-Point Probability Distribution Functions of Supersonic Turbulent Flows in Self-gravitating Media}",
  journal = {\apj},
   eprint = {astro-ph/0001379},
 keywords = {ISM: Clouds, ISM: Kinematics and Dynamics, Magnetohydrodynamics: MHD, Turbulence},
     year = 2000,
    month = jun,
   volume = 535,
    pages = {869-886},
      doi = {10.1086/308854},
   adsurl = {http://adsabs.harvard.edu/abs/2000ApJ...535..869K},
  adsnote = {Provided by the SAO/NASA Astrophysics Data System}
}

@ARTICLE{2000A&A...358..593S,
   author = {{Siess}, L. and {Dufour}, E. and {Forestini}, M.},
    title = "{An internet server for pre-main sequence tracks of low- and intermediate-mass stars}",
  journal = {\aap},
   eprint = {astro-ph/0003477},
 keywords = {EQUATION OF STATE, STARS: EVOLUTION, STARS: HERTZSPRUNG-RUSSEL (HR) AND C-M DIAGRAMS, STARS: PRE-MAIN SEQUENCE, ASTRONOMICAL DATA BASES: MISCELLANEOUS},
     year = 2000,
    month = jun,
   volume = 358,
    pages = {593-599},
   adsurl = {http://adsabs.harvard.edu/abs/2000A%26A...358..593S},
  adsnote = {Provided by the SAO/NASA Astrophysics Data System}
}

@ARTICLE{2000ApJ...534..976N,
   author = {{Nakano}, T. and {Hasegawa}, T. and {Morino}, J.-I. and {Yamashita}, T.
	},
    title = "{Evolution of Protostars Accreting Mass at Very High Rates: Is Orion IRc2 a Huge Protostar?}",
  journal = {\apj},
 keywords = {Stars: Evolution, Stars: Formation, stars: individual (Orion KL IRc2), Stars: Pre-Main-Sequence},
     year = 2000,
    month = may,
   volume = 534,
    pages = {976-983},
      doi = {10.1086/308765},
   adsurl = {http://adsabs.harvard.edu/abs/2000ApJ...534..976N},
  adsnote = {Provided by the SAO/NASA Astrophysics Data System}
}

@ARTICLE{2000ApJS..126..501T,
   author = {{Timmes}, F.~X. and {Swesty}, F.~D.},
    title = "{The Accuracy, Consistency, and Speed of an Electron-Positron Equation of State Based on Table Interpolation of the Helmholtz Free Energy}",
  journal = {\apjs},
 keywords = {EQUATION OF STATE, HYDRODYNAMICS, METHODS: NUMERICAL, STARS: GENERAL, Equation of State, Hydrodynamics, Methods: Numerical, Stars: General},
     year = 2000,
    month = feb,
   volume = 126,
    pages = {501-516},
      doi = {10.1086/313304},
   adsurl = {http://adsabs.harvard.edu/abs/2000ApJS..126..501T},
  adsnote = {Provided by the SAO/NASA Astrophysics Data System}
}

@ARTICLE{1999ApJ...525..772P,
   author = {{Palla}, F. and {Stahler}, S.~W.},
    title = "{Star Formation in the Orion Nebula Cluster}",
  journal = {\apj},
 keywords = {GALAXY: OPEN CLUSTERS AND ASSOCIATIONS: INDIVIDUAL: NAME: ORION NEBULA CLUSTER, STARS: EVOLUTION, STARS: FORMATION, STARS: PRE-MAIN-SEQUENCE, Galaxy: Open Clusters and Associations: Individual: Name: Orion Nebula Cluster, Stars: Evolution, Stars: Formation, Stars: Pre-Main-Sequence},
     year = 1999,
    month = nov,
   volume = 525,
    pages = {772-783},
      doi = {10.1086/307928},
   adsurl = {http://adsabs.harvard.edu/abs/1999ApJ...525..772P},
  adsnote = {Provided by the SAO/NASA Astrophysics Data System}
}

@ARTICLE{1999ApJ...517..565P,
   author = {{Perlmutter}, S. and {Aldering}, G. and {Goldhaber}, G. and 
	{Knop}, R.~A. and {Nugent}, P. and {Castro}, P.~G. and {Deustua}, S. and 
	{Fabbro}, S. and {Goobar}, A. and {Groom}, D.~E. and {Hook}, I.~M. and 
	{Kim}, A.~G. and {Kim}, M.~Y. and {Lee}, J.~C. and {Nunes}, N.~J. and 
	{Pain}, R. and {Pennypacker}, C.~R. and {Quimby}, R. and {Lidman}, C. and 
	{Ellis}, R.~S. and {Irwin}, M. and {McMahon}, R.~G. and {Ruiz-Lapuente}, P. and 
	{Walton}, N. and {Schaefer}, B. and {Boyle}, B.~J. and {Filippenko}, A.~V. and 
	{Matheson}, T. and {Fruchter}, A.~S. and {Panagia}, N. and {Newberg}, H.~J.~M. and 
	{Couch}, W.~J. and {Project}, T.~S.~C.},
    title = "{Measurements of {$\Omega$} and {$\Lambda$} from 42 High-Redshift Supernovae}",
  journal = {\apj},
   eprint = {astro-ph/9812133},
 keywords = {COSMOLOGY: OBSERVATIONS, COSMOLOGY: DISTANCE SCALE, STARS: SUPERNOVAE: GENERAL, Cosmology: Observations, Cosmology: Distance Scale, Stars: Supernovae: General},
     year = 1999,
    month = jun,
   volume = 517,
    pages = {565-586},
      doi = {10.1086/307221},
   adsurl = {http://adsabs.harvard.edu/abs/1999ApJ...517..565P},
  adsnote = {Provided by the SAO/NASA Astrophysics Data System}
}

@ARTICLE{1999AJ....117.1490P,
   author = {{Padgett}, D.~L. and {Brandner}, W. and {Stapelfeldt}, K.~R. and 
	{Strom}, S.~E. and {Terebey}, S. and {Koerner}, D.},
    title = "{HUBBLE SPACE TELESCOPE/NICMOS Imaging of Disks and Envelopes around Very Young Stars}",
  journal = {\aj},
   eprint = {astro-ph/9902101},
 keywords = {STARS: CIRCUMSTELLAR MATTER, ISM: JETS AND OUTFLOWS, STARS: PRE-MAIN-SEQUENCE},
     year = 1999,
    month = mar,
   volume = 117,
    pages = {1490-1504},
      doi = {10.1086/300781},
   adsurl = {http://adsabs.harvard.edu/abs/1999AJ....117.1490P},
  adsnote = {Provided by the SAO/NASA Astrophysics Data System}
}

@ARTICLE{1999A&AS..134..241P,
   author = {{Phillips}, J.~P.},
    title = "{Rotation in molecular clouds}",
  journal = {\aaps},
 keywords = {ISM: CLOUDS, ISM: KINEMATICS AND DYNAMICS, ISM: MOLECULES, ISM: STRUCTURE},
     year = 1999,
    month = jan,
   volume = 134,
    pages = {241-254},
      doi = {10.1051/aas:1999137},
   adsurl = {http://adsabs.harvard.edu/abs/1999A%26AS..134..241P},
  adsnote = {Provided by the SAO/NASA Astrophysics Data System}
}

@ARTICLE{1998ApJ...504..300P,
   author = {{Padoan}, P. and {Juvela}, M. and {Bally}, J. and {Nordlund}, {\AA}.
	},
    title = "{Synthetic Molecular Clouds from Supersonic Magnetohydrodynamic and Non-LTE Radiative Transfer Calculations}",
  journal = {\apj},
   eprint = {astro-ph/9711051},
 keywords = {ISM: CLOUDS, MAGNETOHYDRODYNAMICS: MHD, RADIATIVE TRANSFER, SHOCK WAVES, TURBULENCE, ISM: Clouds, Magnetohydrodynamics: MHD, Radiative Transfer, Shock Waves, Turbulence},
     year = 1998,
    month = sep,
   volume = 504,
    pages = {300-313},
      doi = {10.1086/306060},
   adsurl = {http://adsabs.harvard.edu/abs/1998ApJ...504..300P},
  adsnote = {Provided by the SAO/NASA Astrophysics Data System}
}

@ARTICLE{1998AJ....116.1009R,
   author = {{Riess}, A.~G. and {Filippenko}, A.~V. and {Challis}, P. and 
	{Clocchiatti}, A. and {Diercks}, A. and {Garnavich}, P.~M. and 
	{Gilliland}, R.~L. and {Hogan}, C.~J. and {Jha}, S. and {Kirshner}, R.~P. and 
	{Leibundgut}, B. and {Phillips}, M.~M. and {Reiss}, D. and {Schmidt}, B.~P. and 
	{Schommer}, R.~A. and {Smith}, R.~C. and {Spyromilio}, J. and 
	{Stubbs}, C. and {Suntzeff}, N.~B. and {Tonry}, J.},
    title = "{Observational Evidence from Supernovae for an Accelerating Universe and a Cosmological Constant}",
  journal = {\aj},
   eprint = {astro-ph/9805201},
 keywords = {COSMOLOGY: OBSERVATIONS, STARS: SUPERNOVAE: GENERAL},
     year = 1998,
    month = sep,
   volume = 116,
    pages = {1009-1038},
      doi = {10.1086/300499},
   adsurl = {http://adsabs.harvard.edu/abs/1998AJ....116.1009R},
  adsnote = {Provided by the SAO/NASA Astrophysics Data System}
}

@ARTICLE{1998ApJ...498..541K,
   author = {{Kennicutt}, Jr., R.~C.},
    title = "{The Global Schmidt Law in Star-forming Galaxies}",
  journal = {\apj},
   eprint = {astro-ph/9712213},
 keywords = {GALAXIES: EVOLUTION, GALAXIES: ISM, GALAXIES: SPIRAL, GALAXIES: STELLAR CONTENT, GALAXIES: STARBURST, STARS: FORMATION, Galaxies: Evolution, Galaxies: ISM, Galaxies: Spiral, Galaxies: Starburst, Galaxies: Stellar Content, Stars: Formation},
     year = 1998,
    month = may,
   volume = 498,
    pages = {541-552},
      doi = {10.1086/305588},
   adsurl = {http://adsabs.harvard.edu/abs/1998ApJ...498..541K},
  adsnote = {Provided by the SAO/NASA Astrophysics Data System}
}

@ARTICLE{1998RvMP...70....1B,
   author = {{Balbus}, S.~A. and {Hawley}, J.~F.},
    title = "{Instability, turbulence, and enhanced transport in accretion disks}",
  journal = {Reviews of Modern Physics},
 keywords = {Accretion and accretion disks, Hydrodynamics, Infall accretion and accretion disks, Plasma dynamics and flow, Plasma turbulence, Magnetohydrodynamics and plasmas},
     year = 1998,
    month = jan,
   volume = 70,
    pages = {1-53},
      doi = {10.1103/RevModPhys.70.1},
   adsurl = {http://adsabs.harvard.edu/abs/1998RvMP...70....1B},
  adsnote = {Provided by the SAO/NASA Astrophysics Data System}
}

@ARTICLE{1998ApJ...492..596V,
   author = {{V{\'a}zquez-Semadeni}, E. and {Cant{\'o}}, J. and {Lizano}, S.
	},
    title = "{Does Turbulent Pressure Behave as a Logatrope?}",
  journal = {\apj},
   eprint = {astro-ph/9708148},
 keywords = {ISM: CLOUDS, MAGNETOHYDRODYNAMICS: MHD, METHODS: NUMERICAL, TURBULENCE, ISM: Clouds, Magnetohydrodynamics: MHD, Methods: Numerical, Turbulence},
     year = 1998,
    month = jan,
   volume = 492,
    pages = {596-602},
      doi = {10.1086/305064},
   adsurl = {http://adsabs.harvard.edu/abs/1998ApJ...492..596V},
  adsnote = {Provided by the SAO/NASA Astrophysics Data System}
}

@ARTICLE{1997ApJ...489L.179T,
   author = {{Truelove}, J.~K. and {Klein}, R.~I. and {McKee}, C.~F. and 
	{Holliman}, II, J.~H. and {Howell}, L.~H. and {Greenough}, J.~A.
	},
    title = "{The Jeans Condition: A New Constraint on Spatial Resolution in Simulations of Isothermal Self-gravitational Hydrodynamics}",
  journal = {\apjl},
 keywords = {GRAVITATION, HYDRODYNAMICS, ISM: CLOUDS, METHODS: NUMERICAL, STARS: FORMATION, Gravitation, Hydrodynamics, ISM: Clouds, Methods: Numerical, Stars: Formation},
     year = 1997,
    month = nov,
   volume = 489,
    pages = {L179-L183},
      doi = {10.1086/310975},
   adsurl = {http://adsabs.harvard.edu/abs/1997ApJ...489L.179T},
  adsnote = {Provided by the SAO/NASA Astrophysics Data System}
}

@ARTICLE{1997MNRAS.286..215K,
   author = {{Kaiser}, C.~R. and {Alexander}, P.},
    title = "{A self-similar model for extragalactic radio sources}",
  journal = {\mnras},
 keywords = {GALAXIES: ACTIVE, GALAXIES: JETS},
     year = 1997,
    month = mar,
   volume = 286,
    pages = {215-222},
      doi = {10.1093/mnras/286.1.215},
   adsurl = {http://adsabs.harvard.edu/abs/1997MNRAS.286..215K},
  adsnote = {Provided by the SAO/NASA Astrophysics Data System}
}

@ARTICLE{1997ApJ...476..750M,
   author = {{McLaughlin}, D.~E. and {Pudritz}, R.~E.},
    title = "{Gravitational Collapse and Star Formation in Logotropic and Nonisothermal Spheres}",
  journal = {\apj},
   eprint = {astro-ph/9609080},
 keywords = {Hydrodynamics, ISM: Clouds, ISM: General, ISM: Globules, Stars: Formation},
     year = 1997,
    month = feb,
   volume = 476,
    pages = {750-765},
      doi = {10.1086/303657},
   adsurl = {http://adsabs.harvard.edu/abs/1997ApJ...476..750M},
  adsnote = {Provided by the SAO/NASA Astrophysics Data System}
}

@ARTICLE{1997ApJ...476..730P,
   author = {{Plume}, R. and {Jaffe}, D.~T. and {Evans}, II, N.~J. and {Mart{\'{\i}}n-Pintado}, J. and 
	{G{\'o}mez-Gonz{\'a}lez}, J.},
    title = "{Dense Gas and Star Formation: Characteristics of Cloud Cores Associated with Water Masers}",
  journal = {\apj},
   eprint = {astro-ph/9609061},
 keywords = {ISM: Kinematics and Dynamics, ISM: Molecules, Masers, Radio Lines: ISM, Stars: Formation},
     year = 1997,
    month = feb,
   volume = 476,
    pages = {730-749},
      doi = {10.1086/303654},
   adsurl = {http://adsabs.harvard.edu/abs/1997ApJ...476..730P},
  adsnote = {Provided by the SAO/NASA Astrophysics Data System}
}

@ARTICLE{1997ApJ...475..740N,
   author = {{Niemeyer}, J.~C. and {Woosley}, S.~E.},
    title = "{The Thermonuclear Explosion of Chandrasekhar Mass White Dwarfs}",
  journal = {\apj},
   eprint = {astro-ph/9607032},
 keywords = {Hydrodynamics, Instabilities, Stars: Interiors, supernovae: general -- white dwarfs},
     year = 1997,
    month = feb,
   volume = 475,
    pages = {740-753},
      doi = {10.1086/303544},
   adsurl = {http://adsabs.harvard.edu/abs/1997ApJ...475..740N},
  adsnote = {Provided by the SAO/NASA Astrophysics Data System}
}

@ARTICLE{1996MNRAS.281..257T,
   author = {{Tout}, C.~A. and {Pols}, O.~R. and {Eggleton}, P.~P. and {Han}, Z.
	},
    title = "{Zero-age main-seqence radii and luminosities as analytic functions of mass and metallicity}",
  journal = {\mnras},
 keywords = {STARS: FUNDAMENTAL PARAMETERS, HERTZSPRUNG-RUSSELL (HR) DIAGRAM},
     year = 1996,
    month = jul,
   volume = 281,
    pages = {257-262},
      doi = {10.1093/mnras/281.1.257},
   adsurl = {http://adsabs.harvard.edu/abs/1996MNRAS.281..257T},
  adsnote = {Provided by the SAO/NASA Astrophysics Data System}
}

@ARTICLE{1995MNRAS.277..377P,
   author = {{Padoan}, P.},
    title = "{Supersonic turbulent flows and the fragmentation of a cold medium}",
  journal = {\mnras},
   eprint = {astro-ph/9506002},
 keywords = {TURBULENCE, STARS: FORMATION},
     year = 1995,
    month = nov,
   volume = 277,
    pages = {377-388},
      doi = {10.1093/mnras/277.2.377},
   adsurl = {http://adsabs.harvard.edu/abs/1995MNRAS.277..377P},
  adsnote = {Provided by the SAO/NASA Astrophysics Data System}
}

@ARTICLE{1995ApJ...450..183N,
   author = {{Nakano}, T. and {Hasegawa}, T. and {Norman}, C.},
    title = "{The Mass of a Star Formed in a Cloud Core: Theory and Its Application to the Orion A Cloud}",
  journal = {\apj},
 keywords = {ISM: CLOUDS, ISM: H II REGIONS, ISM: JETS AND OUTFLOWS, STARS: FORMATION, STARS: LUMINOSITY FUNCTION, MASS FUNCTION},
     year = 1995,
    month = sep,
   volume = 450,
    pages = {183},
      doi = {10.1086/176130},
   adsurl = {http://adsabs.harvard.edu/abs/1995ApJ...450..183N},
  adsnote = {Provided by the SAO/NASA Astrophysics Data System}
}

@ARTICLE{1995ApJ...446..665C,
   author = {{Caselli}, P. and {Myers}, P.~C.},
    title = "{The Line Width--Size Relation in Massive Cloud Cores}",
  journal = {\apj},
 keywords = {ISM: CLOUDS, ISM: KINEMATICS AND DYNAMICS, ISM: MOLECULES, STARS: FORMATION},
     year = 1995,
    month = jun,
   volume = 446,
    pages = {665},
      doi = {10.1086/175825},
   adsurl = {http://adsabs.harvard.edu/abs/1995ApJ...446..665C},
  adsnote = {Provided by the SAO/NASA Astrophysics Data System}
}

@ARTICLE{1994ApJ...427..351R,
   author = {{Ruffert}, M. and {Arnett}, D.},
    title = "{Three-dimensional hydrodynamic Bondi-Hoyle accretion. 2: Homogeneous medium at Mach 3 with gamma = 5/3}",
  journal = {\apj},
 keywords = {Accretion Disks, Aerodynamic Drag, Cataclysmic Variables, Hydrodynamics, Near Wakes, Novae, Numerical Analysis, Shock Waves, Entropy, Gravitational Fields, Mass Distribution, Radiation Pressure, Space Density},
     year = 1994,
    month = may,
   volume = 427,
    pages = {351-376},
      doi = {10.1086/174145},
   adsurl = {http://adsabs.harvard.edu/abs/1994ApJ...427..351R},
  adsnote = {Provided by the SAO/NASA Astrophysics Data System}
}

@ARTICLE{1994ApJ...426..692R,
   author = {{Rappaport}, S. and {Di Stefano}, R. and {Smith}, J.~D.},
    title = "{Formation and evolution of luminous supersoft X-ray sources}",
  journal = {\apj},
 keywords = {Binary Stars, Companion Stars, Populations, Star Formation, Stellar Evolution, Stellar Luminosity, Stellar Mass Accretion, White Dwarf Stars, X Ray Sources, Mass Transfer, Milky Way Galaxy, Monte Carlo Method, Rosat Mission, Stellar Orbits, Stellar Temperature, X Ray Astronomy},
     year = 1994,
    month = may,
   volume = 426,
    pages = {692-703},
      doi = {10.1086/174106},
   adsurl = {http://adsabs.harvard.edu/abs/1994ApJ...426..692R},
  adsnote = {Provided by the SAO/NASA Astrophysics Data System}
}

@ARTICLE{1994ApJ...423..371W,
   author = {{Woosley}, S.~E. and {Weaver}, T.~A.},
    title = "{Sub-Chandrasekhar mass models for Type IA supernovae}",
  journal = {\apj},
 keywords = {Astronomical Models, Chandrasekhar Equation, Nuclear Fusion, Stellar Evolution, Stellar Mass, Supernovae, Abundance, Detonation Waves, Energy Transfer, Stellar Interiors, Stellar Luminosity},
     year = 1994,
    month = mar,
   volume = 423,
    pages = {371-379},
      doi = {10.1086/173813},
   adsurl = {http://adsabs.harvard.edu/abs/1994ApJ...423..371W},
  adsnote = {Provided by the SAO/NASA Astrophysics Data System}
}

@ARTICLE{1992A&AS...96..269S,
   author = {{Schaller}, G. and {Schaerer}, D. and {Meynet}, G. and {Maeder}, A.
	},
    title = "{New grids of stellar models from 0.8 to 120 solar masses at Z = 0.020 and Z = 0.001}",
  journal = {\aaps},
 keywords = {Computational Astrophysics, Stellar Evolution, Stellar Models, Hertzsprung-Russell Diagram, Massive Stars, Optical Thickness, Photoionization, Stellar Atmospheres, Stellar Envelopes, Stellar Mass Ejection},
     year = 1992,
    month = dec,
   volume = 96,
    pages = {269-331},
   adsurl = {http://adsabs.harvard.edu/abs/1992A%26AS...96..269S},
  adsnote = {Provided by the SAO/NASA Astrophysics Data System}
}

@ARTICLE{1992ApJ...399..551M,
   author = {{McKee}, C.~F. and {Zweibel}, E.~G.},
    title = "{On the virial theorem for turbulent molecular clouds}",
  journal = {\apj},
 keywords = {Interstellar Matter, Magnetohydrodynamic Turbulence, Molecular Clouds, Virial Theorem, Computational Astrophysics, Interstellar Magnetic Fields},
     year = 1992,
    month = nov,
   volume = 399,
    pages = {551-562},
      doi = {10.1086/171946},
   adsurl = {http://adsabs.harvard.edu/abs/1992ApJ...399..551M},
  adsnote = {Provided by the SAO/NASA Astrophysics Data System}
}

@ARTICLE{1992ApJ...396..631M,
   author = {{Myers}, P.~C. and {Fuller}, G.~A.},
    title = "{Density structure and star formation in dense cores with thermal and nonthermal motions}",
  journal = {\apj},
 keywords = {Gravitational Effects, Molecular Clouds, Star Formation, Stellar Models, Emission Spectra, Infrared Spectra, Rarefaction, Stellar Luminosity, Stellar Mass, Time Functions},
     year = 1992,
    month = sep,
   volume = 396,
    pages = {631-642},
      doi = {10.1086/171744},
   adsurl = {http://adsabs.harvard.edu/abs/1992ApJ...396..631M},
  adsnote = {Provided by the SAO/NASA Astrophysics Data System}
}

@ARTICLE{1992ApJ...392..667P,
   author = {{Palla}, F. and {Stahler}, S.~W.},
    title = "{The evolution of intermediate-mass protostars. II - Influence of the accretion flow}",
  journal = {\apj},
 keywords = {Accretion Disks, Hertzsprung-Russell Diagram, Pre-Main Sequence Stars, Stellar Evolution, Stellar Interiors, Deuterium, Interstellar Matter, Molecular Clouds, Protostars, Stellar Mass},
     year = 1992,
    month = jun,
   volume = 392,
    pages = {667-677},
      doi = {10.1086/171468},
   adsurl = {http://adsabs.harvard.edu/abs/1992ApJ...392..667P},
  adsnote = {Provided by the SAO/NASA Astrophysics Data System}
}

@ARTICLE{1992ApJS...78..505P,
   author = {{Plume}, R. and {Jaffe}, D.~T. and {Evans}, II, N.~J.},
    title = "{A survey of CS J = 7 - 6 in regions of massive star formation}",
  journal = {\apjs},
 keywords = {Interstellar Masers, Massive Stars, Sky Surveys (Astronomy), Star Formation, Astronomical Spectroscopy, Emission Spectra, Molecular Clouds, Water Masers},
     year = 1992,
    month = feb,
   volume = 78,
    pages = {505-515},
      doi = {10.1086/191636},
   adsurl = {http://adsabs.harvard.edu/abs/1992ApJS...78..505P},
  adsnote = {Provided by the SAO/NASA Astrophysics Data System}
}

@ARTICLE{1991ApJ...376..214B,
   author = {{Balbus}, S.~A. and {Hawley}, J.~F.},
    title = "{A powerful local shear instability in weakly magnetized disks. I - Linear analysis. II - Nonlinear evolution}",
  journal = {\apj},
 keywords = {Accretion Disks, Magnetohydrodynamic Stability, Stellar Magnetic Fields, Stellar Mass Accretion, Boussinesq Approximation, Computational Astrophysics, Linear Systems},
     year = 1991,
    month = jul,
   volume = 376,
    pages = {214-233},
      doi = {10.1086/170270},
   adsurl = {http://adsabs.harvard.edu/abs/1991ApJ...376..214B},
  adsnote = {Provided by the SAO/NASA Astrophysics Data System}
}

@ARTICLE{1991ApJ...375..288P,
   author = {{Palla}, F. and {Stahler}, S.~W.},
    title = "{The evolution of intermediate-mass protostars. I - Basic results}",
  journal = {\apj},
 keywords = {Pre-Main Sequence Stars, Protostars, Star Formation, Stellar Evolution, Stellar Interiors, Stellar Structure, Deuterium, Herbig-Haro Objects, Stellar Luminosity, Stellar Mass Accretion},
     year = 1991,
    month = jul,
   volume = 375,
    pages = {288-299},
      doi = {10.1086/170188},
   adsurl = {http://adsabs.harvard.edu/abs/1991ApJ...375..288P},
  adsnote = {Provided by the SAO/NASA Astrophysics Data System}
}

@INPROCEEDINGS{1991ASPC...20...45E,
   author = {{Evans}, II, N.~J.},
    title = "{Star formation - Observations}",
 keywords = {Molecular Clouds, Star Formation, Gravitational Effects, Milky Way Galaxy, Rotating Matter, Star Distribution, Stellar Mass},
booktitle = {Frontiers of Stellar Evolution},
     year = 1991,
   series = {Astronomical Society of the Pacific Conference Series},
   volume = 20,
   editor = {{Lambert}, D.~L.},
    pages = {45-95},
   adsurl = {http://adsabs.harvard.edu/abs/1991ASPC...20...45E},
  adsnote = {Provided by the SAO/NASA Astrophysics Data System}
}

@ARTICLE{1990ApJ...354..492M,
   author = {{Mead}, K.~N. and {Kutner}, M.~L. and {Evans}, II, N.~J.},
    title = "{Molecular clouds in the outer Galaxy. IV - Studies of star formation}",
  journal = {\apj},
 keywords = {Galactic Structure, Milky Way Galaxy, Molecular Clouds, Star Distribution, Star Formation, Continuous Radiation, Far Infrared Radiation, H Ii Regions, Radio Astronomy, Star Formation Rate, Stellar Luminosity},
     year = 1990,
    month = may,
   volume = 354,
    pages = {492-503},
      doi = {10.1086/168710},
   adsurl = {http://adsabs.harvard.edu/abs/1990ApJ...354..492M},
  adsnote = {Provided by the SAO/NASA Astrophysics Data System}
}

@ARTICLE{1989ApJ...344..685K,
   author = {{Kennicutt}, Jr., R.~C.},
    title = "{The star formation law in galactic disks}",
  journal = {\apj},
 keywords = {Galactic Evolution, H Alpha Line, H Ii Regions, Interstellar Gas, Star Formation Rate, Emission Spectra, Gas Dynamics, Radial Distribution, Spiral Galaxies},
     year = 1989,
    month = sep,
   volume = 344,
    pages = {685-703},
      doi = {10.1086/167834},
   adsurl = {http://adsabs.harvard.edu/abs/1989ApJ...344..685K},
  adsnote = {Provided by the SAO/NASA Astrophysics Data System}
}

@ARTICLE{1988ApJ...334L..51M,
   author = {{Mooney}, T.~J. and {Solomon}, P.~M.},
    title = "{Star formation rates and the far-infrared luminosity of Galactic molecular clouds}",
  journal = {\apjl},
 keywords = {Far Infrared Radiation, Infrared Sources (Astronomy), Luminosity, Milky Way Galaxy, Molecular Clouds, Star Formation Rate, Carbon Monoxide, Computational Astrophysics, H Ii Regions, Interacting Galaxies, Mass To Light Ratios, Stellar Mass, Virial Theorem},
     year = 1988,
    month = nov,
   volume = 334,
    pages = {L51-L54},
      doi = {10.1086/185310},
   adsurl = {http://adsabs.harvard.edu/abs/1988ApJ...334L..51M},
  adsnote = {Provided by the SAO/NASA Astrophysics Data System}
}

@ARTICLE{1987ApJ...319..730S,
   author = {{Solomon}, P.~M. and {Rivolo}, A.~R. and {Barrett}, J. and {Yahil}, A.
	},
    title = "{Mass, luminosity, and line width relations of Galactic molecular clouds}",
  journal = {\apj},
 keywords = {Mass Distribution, Mass To Light Ratios, Milky Way Galaxy, Molecular Clouds, Spectral Line Width, Astronomical Catalogs, Astronomical Models, Astronomical Spectroscopy, Carbon Monoxide, Virial Theorem},
     year = 1987,
    month = aug,
   volume = 319,
    pages = {730-741},
      doi = {10.1086/165493},
   adsurl = {http://adsabs.harvard.edu/abs/1987ApJ...319..730S},
  adsnote = {Provided by the SAO/NASA Astrophysics Data System}
}

@ARTICLE{1987ApJS...63..821S,
   author = {{Scoville}, N.~Z. and {Yun}, M.~S. and {Sanders}, D.~B. and 
	{Clemens}, D.~P. and {Waller}, W.~H.},
    title = "{Molecular clouds and cloud cores in the inner Galaxy}",
  journal = {\apjs},
 keywords = {Interstellar Matter, Milky Way Galaxy, Molecular Clouds, Nebulae, Carbon Monoxide, H Ii Regions, Luminosity, Mass, Star Formation},
     year = 1987,
    month = apr,
   volume = 63,
    pages = {821-915},
      doi = {10.1086/191185},
   adsurl = {http://adsabs.harvard.edu/abs/1987ApJS...63..821S},
  adsnote = {Provided by the SAO/NASA Astrophysics Data System}
}

@ARTICLE{1986ApJ...304..501H,
   author = {{Ho}, P.~T.~P. and {Haschick}, A.~D.},
    title = "{Molecular clouds associated with compact H II regions. III - Spin-up and collapse in the core of G10.6 - 0.4}",
  journal = {\apj},
 keywords = {Astronomical Spectroscopy, Gravitational Collapse, H Ii Regions, Molecular Clouds, Molecular Rotation, Stellar Mass Accretion, Absorption Spectra, Ammonia, Cores, Emission Spectra, Nebulae, Spectral Energy Distribution, Stellar Evolution},
     year = 1986,
    month = may,
   volume = 304,
    pages = {501-514},
      doi = {10.1086/164184},
   adsurl = {http://adsabs.harvard.edu/abs/1986ApJ...304..501H},
  adsnote = {Provided by the SAO/NASA Astrophysics Data System}
}

@ARTICLE{1986ApJ...303...39D,
   author = {{Dekel}, A. and {Silk}, J.},
    title = "{The origin of dwarf galaxies, cold dark matter, and biased galaxy formation}",
  journal = {\apj},
 keywords = {Abundance, Cold Plasmas, Dark Matter, Dwarf Galaxies, Galactic Evolution, Stellar Winds, Virgo Galactic Cluster, Big Bang Cosmology, Galactic Structure, Local Group (Astronomy), Mass To Light Ratios, Stellar Evolution, Supernovae},
     year = 1986,
    month = apr,
   volume = 303,
    pages = {39-55},
      doi = {10.1086/164050},
   adsurl = {http://adsabs.harvard.edu/abs/1986ApJ...303...39D},
  adsnote = {Provided by the SAO/NASA Astrophysics Data System}
}

@ARTICLE{1984ApJ...286..644N,
   author = {{Nomoto}, K. and {Thielemann}, F.-K. and {Yokoi}, K.},
    title = "{Accreting white dwarf models of Type I supernovae. III - Carbon deflagration supernovae}",
  journal = {\apj},
 keywords = {Carbon Stars, Deflagration, Nuclear Fusion, Stellar Mass Accretion, Supernovae, White Dwarf Stars, Hydrodynamics, Light Curve, Neutrinos, Stellar Composition, Stellar Models, Wave Propagation},
     year = 1984,
    month = nov,
   volume = 286,
    pages = {644-658},
      doi = {10.1086/162639},
   adsurl = {http://adsabs.harvard.edu/abs/1984ApJ...286..644N},
  adsnote = {Provided by the SAO/NASA Astrophysics Data System}
}

@BOOK{1984oup..book.....M,
   author = {{Mihalas}, D. and {Mihalas}, B.~W.},
    title = "{Foundations of radiation hydrodynamics}",
 keywords = {Astrophysics, Compressible Fluids, Gas Dynamics, Hydrodynamic Equations, Radiation Laws, Radiative Heat Transfer, Equations Of Motion, Gravitational Waves, Ideal Fluids, Kinematics, Radiation Distribution, Relativity, Shock Waves, Sound Waves, Statistical Mechanics, Tensor Analysis, Thermal Radiation, Thermodynamics, Viscous Fluids, Wind (Meteorology)},
booktitle = {New York, Oxford University Press, 1984, 731 p.},
     year = 1984,
   adsurl = {http://adsabs.harvard.edu/abs/1984oup..book.....M},
  adsnote = {Provided by the SAO/NASA Astrophysics Data System}
}

@ARTICLE{1983ApJ...273..202S,
   author = {{Shu}, F.~H.},
    title = "{Ambipolar diffusion in self-gravitating isothermal layers}",
  journal = {\apj},
 keywords = {Ambipolar Diffusion, Interstellar Magnetic Fields, Isothermal Layers, Nebulae, Space Plasmas, Lagrange Coordinates, Neutral Gases, Stellar Evolution},
     year = 1983,
    month = oct,
   volume = 273,
    pages = {202-213},
      doi = {10.1086/161359},
   adsurl = {http://adsabs.harvard.edu/abs/1983ApJ...273..202S},
  adsnote = {Provided by the SAO/NASA Astrophysics Data System}
}

@ARTICLE{1982ApJ...258L..29S,
   author = {{Scalo}, J.~M. and {Pumphrey}, W.~A.},
    title = "{Dissipation of supersonic turbulence in interstellar clouds}",
  journal = {\apjl},
 keywords = {Interstellar Matter, Molecular Clouds, Particle Interactions, Supersonic Flow, Turbulent Flow, Globular Clusters, Gravitational Effects, Hydrodynamics, Kinetic Energy, Late Stars, Many Body Problem, Potential Energy},
     year = 1982,
    month = jul,
   volume = 258,
    pages = {L29-L33},
      doi = {10.1086/183824},
   adsurl = {http://adsabs.harvard.edu/abs/1982ApJ...258L..29S},
  adsnote = {Provided by the SAO/NASA Astrophysics Data System}
}

@ARTICLE{1981ApJ...246..314A,
   author = {{Abramowicz}, M.~A. and {Zurek}, W.~H.},
    title = "{Rotation-induced bistability of transonic accretion onto a black hole}",
  journal = {\apj},
 keywords = {Black Holes (Astronomy), Flow Stability, Stellar Mass Accretion, Transonic Flow, Angular Momentum, Polytropic Processes},
     year = 1981,
    month = may,
   volume = 246,
    pages = {314-320},
      doi = {10.1086/158924},
   adsurl = {http://adsabs.harvard.edu/abs/1981ApJ...246..314A},
  adsnote = {Provided by the SAO/NASA Astrophysics Data System}
}

@ARTICLE{1981MNRAS.194..809L,
   author = {{Larson}, R.~B.},
    title = "{Turbulence and star formation in molecular clouds}",
  journal = {\mnras},
 keywords = {Interstellar Matter, Molecular Clouds, Protostars, Star Formation, Turbulence Effects, Clumps, Density Distribution, Stellar Gravitation, Stellar Mass, Velocity Distribution, Virial Theorem},
     year = 1981,
    month = mar,
   volume = 194,
    pages = {809-826},
      doi = {10.1093/mnras/194.4.809},
   adsurl = {http://adsabs.harvard.edu/abs/1981MNRAS.194..809L},
  adsnote = {Provided by the SAO/NASA Astrophysics Data System}
}

@ARTICLE{1977ApJ...214..488S,
   author = {{Shu}, F.~H.},
    title = "{Self-similar collapse of isothermal spheres and star formation}",
  journal = {\apj},
 keywords = {Density Distribution, Gravitational Collapse, Isothermal Flow, Protostars, Star Formation, Stellar Structure, Critical Point, Runge-Kutta Method, Similarity Theorem, Steady State, Stellar Envelopes},
     year = 1977,
    month = jun,
   volume = 214,
    pages = {488-497},
      doi = {10.1086/155274},
   adsurl = {http://adsabs.harvard.edu/abs/1977ApJ...214..488S},
  adsnote = {Provided by the SAO/NASA Astrophysics Data System}
}

@ARTICLE{1976ApJ...207..141M,
   author = {{Mouschovias}, T.~C.},
    title = "{Nonhomologous contraction and equilibria of self-gravitating, magnetic interstellar clouds embedded in an intercloud medium: Star formation. II - Results}",
  journal = {\apj},
 keywords = {Gravitational Effects, Interstellar Magnetic Fields, Interstellar Matter, Magnetic Clouds, Star Formation, Zeeman Effect, Astronomical Models, Correlation, Equilibrium, Gas Pressure, Gravitational Collapse},
     year = 1976,
    month = jul,
   volume = 207,
    pages = {141-158},
      doi = {10.1086/154478},
   adsurl = {http://adsabs.harvard.edu/abs/1976ApJ...207..141M},
  adsnote = {Provided by the SAO/NASA Astrophysics Data System}
}

@ARTICLE{1973ApJ...185...91O,
   author = {{Olson}, D.~W. and {Sachs}, R.~K.},
    title = "{The Production of Vorticity in an Expanding, Self-Gravitating Fluid}",
  journal = {\apj},
     year = 1973,
    month = oct,
   volume = 185,
    pages = {91-104},
      doi = {10.1086/152399},
   adsurl = {http://adsabs.harvard.edu/abs/1973ApJ...185...91O},
  adsnote = {Provided by the SAO/NASA Astrophysics Data System}
}

@ARTICLE{1973ApJ...181..269J,
   author = {{Jones}, B.~T.},
    title = "{Cosmic Turbulence and the Origin of Galaxies}",
  journal = {\apj},
     year = 1973,
    month = apr,
   volume = 181,
    pages = {269-294},
      doi = {10.1086/152048},
   adsurl = {http://adsabs.harvard.edu/abs/1973ApJ...181..269J},
  adsnote = {Provided by the SAO/NASA Astrophysics Data System}
}

@ARTICLE{1973A&A....24..337S,
   author = {{Shakura}, N.~I. and {Sunyaev}, R.~A.},
    title = "{Black holes in binary systems. Observational appearance.}",
  journal = {\aap},
     year = 1973,
   volume = 24,
    pages = {337-355},
   adsurl = {http://adsabs.harvard.edu/abs/1973A%26A....24..337S},
  adsnote = {Provided by the SAO/NASA Astrophysics Data System}
}

@ARTICLE{1972CoASP...4..121J,
   author = {{Jones}, B.~T.~J. and {Peebles}, P.~J.~E.},
    title = "{Chaos in Cosmology}",
  journal = {Comments on Astrophysics and Space Physics},
     year = 1972,
    month = jul,
   volume = 4,
    pages = {121},
   adsurl = {http://adsabs.harvard.edu/abs/1972CoASP...4..121J},
  adsnote = {Provided by the SAO/NASA Astrophysics Data System}
}

@ARTICLE{1970JAMTP..11..264Z,
   author = {{Zel'Dovich}, Y.~B. and {Librovich}, V.~B. and {Makhviladze}, G.~M. and 
	{Sivashinskil}, G.~I.},
    title = "{On the onset of detonation in a nonuniformly heated gas}",
  journal = {Journal of Applied Mechanics and Technical Physics},
     year = 1970,
    month = mar,
   volume = 11,
    pages = {264-270},
      doi = {10.1007/BF00908106},
   adsurl = {http://adsabs.harvard.edu/abs/1970JAMTP..11..264Z},
  adsnote = {Provided by the SAO/NASA Astrophysics Data System}
}

@ARTICLE{1969MNRAS.145..271L,
   author = {{Larson}, R.~B.},
    title = "{Numerical calculations of the dynamics of collapsing proto-star}",
  journal = {\mnras},
     year = 1969,
   volume = 145,
    pages = {271},
      doi = {10.1093/mnras/145.3.271},
   adsurl = {http://adsabs.harvard.edu/abs/1969MNRAS.145..271L},
  adsnote = {Provided by the SAO/NASA Astrophysics Data System}
}

@ARTICLE{1969MNRAS.144..425P,
   author = {{Penston}, M.~V.},
    title = "{Dynamics of self-gravitating gaseous spheres-III. Analytical results in the free-fall of isothermal cases}",
  journal = {\mnras},
     year = 1969,
   volume = 144,
    pages = {425},
      doi = {10.1093/mnras/144.4.425},
   adsurl = {http://adsabs.harvard.edu/abs/1969MNRAS.144..425P},
  adsnote = {Provided by the SAO/NASA Astrophysics Data System}
}

@ARTICLE{1967CaJPh..45.3429E,
   author = {{Ezer}, D. and {Cameron}, A.~G.~W.},
    title = "{Early and main sequence evolution of stars in the range 0.5 to 100 solar masses}",
  journal = {Canadian Journal of Physics},
     year = 1967,
   volume = 45,
    pages = {3429},
      doi = {10.1139/p67-294},
   adsurl = {http://adsabs.harvard.edu/abs/1967CaJPh..45.3429E},
  adsnote = {Provided by the SAO/NASA Astrophysics Data System}
}

@ARTICLE{1966MNRAS.132..359S,
   author = {{Strittmatter}, P.~A.},
    title = "{Gravitational collapse in the presence of a magnetic field}",
  journal = {\mnras},
     year = 1966,
   volume = 132,
    pages = {359},
      doi = {10.1093/mnras/132.2.359},
   adsurl = {http://adsabs.harvard.edu/abs/1966MNRAS.132..359S},
  adsnote = {Provided by the SAO/NASA Astrophysics Data System}
}

@ARTICLE{1944MNRAS.104..273B,
   author = {{Bondi}, H. and {Hoyle}, F.},
    title = "{On the mechanism of accretion by stars}",
  journal = {\mnras},
     year = 1944,
   volume = 104,
    pages = {273},
      doi = {10.1093/mnras/104.5.273},
   adsurl = {http://adsabs.harvard.edu/abs/1944MNRAS.104..273B},
  adsnote = {Provided by the SAO/NASA Astrophysics Data System}
}

