@ARTICLE{2016arXiv160805415L,
   author = {{Lee}, E.~J. and {Miville-Deschenes}, M.-A. and {Murray}, N.
	},
    title = "{Observational Evidence of Dynamic Star Formation Rate in Milky Way Giant Molecular Clouds}",
  journal = {ArXiv e-prints},
archivePrefix = "arXiv",
   eprint = {1608.05415},
 keywords = {Astrophysics - Astrophysics of Galaxies},
     year = 2016,
    month = aug,
   adsurl = {http://adsabs.harvard.edu/abs/2016arXiv160805415L},
  adsnote = {Provided by the SAO/NASA Astrophysics Data System}
}

@ARTICLE{2016A&A...585A.149W,
   author = {{Wyrowski}, F. and {G{\"u}sten}, R. and {Menten}, K.~M. and 
	{Wiesemeyer}, H. and {Csengeri}, T. and {Heyminck}, S. and {Klein}, B. and 
	{K{\"o}nig}, C. and {Urquhart}, J.~S.},
    title = "{Infall through the evolution of high-mass star-forming clumps}",
  journal = {\aap},
archivePrefix = "arXiv",
   eprint = {1510.08374},
 primaryClass = "astro-ph.SR",
 keywords = {stars: formation, ISM: molecules, ISM: kinematics and dynamics},
     year = 2016,
    month = jan,
   volume = 585,
      eid = {A149},
    pages = {A149},
      doi = {10.1051/0004-6361/201526361},
   adsurl = {http://adsabs.harvard.edu/abs/2016A%26A...585A.149W},
  adsnote = {Provided by the SAO/NASA Astrophysics Data System}
}

@ARTICLE{2015MNRAS.454...83W,
   author = {{Wang}, L. and {Dutton}, A.~A. and {Stinson}, G.~S. and {Macci{\`o}}, A.~V. and 
	{Penzo}, C. and {Kang}, X. and {Keller}, B.~W. and {Wadsley}, J.
	},
    title = "{NIHAO project - I. Reproducing the inefficiency of galaxy formation across cosmic time with a large sample of cosmological hydrodynamical simulations}",
  journal = {\mnras},
archivePrefix = "arXiv",
   eprint = {1503.04818},
 keywords = {methods: numerical, galaxies: dwarf, galaxies: evolution, galaxies: formation, galaxies: spiral, cosmology: theory},
     year = 2015,
    month = nov,
   volume = 454,
    pages = {83-94},
      doi = {10.1093/mnras/stv1937},
   adsurl = {http://adsabs.harvard.edu/abs/2015MNRAS.454...83W},
  adsnote = {Provided by the SAO/NASA Astrophysics Data System}
}

@ARTICLE{2015A&A...581A.119B,
   author = {{Beuther}, H. and {Henning}, T. and {Linz}, H. and {Feng}, S. and 
	{Ragan}, S.~E. and {Smith}, R.~J. and {Bihr}, S. and {Sakai}, T. and 
	{Kuiper}, R.},
    title = "{Hierarchical fragmentation and collapse signatures in a high-mass starless region}",
  journal = {\aap},
archivePrefix = "arXiv",
   eprint = {1508.01540},
 keywords = {stars: formation, stars: early-type, techniques: spectroscopic, stars: individual: IRDC 18310, ISM: clouds, ISM: kinematics and dynamics},
     year = 2015,
    month = sep,
   volume = 581,
      eid = {A119},
    pages = {A119},
      doi = {10.1051/0004-6361/201526759},
   adsurl = {http://adsabs.harvard.edu/abs/2015A%26A...581A.119B},
  adsnote = {Provided by the SAO/NASA Astrophysics Data System}
}

@ARTICLE{2015MNRAS.451.3089T,
   author = {{Traficante}, A. and {Fuller}, G.~A. and {Peretto}, N. and {Pineda}, J.~E. and 
	{Molinari}, S.},
    title = "{The initial conditions of stellar protocluster formation - II. A catalogue of starless and protostellar clumps embedded in IRDCs in the Galactic longitude range 15{\deg} {\le} l {\le} 55{\deg}}",
  journal = {\mnras},
archivePrefix = "arXiv",
   eprint = {1506.05472},
 primaryClass = "astro-ph.SR",
 keywords = {catalogues, stars: formation, stars: massive, ISM: clouds, Galaxy: stellar content, infrared: stars},
     year = 2015,
    month = aug,
   volume = 451,
    pages = {3089-3106},
      doi = {10.1093/mnras/stv1158},
   adsurl = {http://adsabs.harvard.edu/abs/2015MNRAS.451.3089T},
  adsnote = {Provided by the SAO/NASA Astrophysics Data System}
}

@ARTICLE{2015MNRAS.451.1380N,
   author = {{Nolan}, C.~A. and {Federrath}, C. and {Sutherland}, R.~S.},
    title = "{The density variance-Mach number relation in isothermal and non-isothermal adiabatic turbulence}",
  journal = {\mnras},
archivePrefix = "arXiv",
   eprint = {1504.04370},
 keywords = {equation of state, hydrodynamics, turbulence, ISM: clouds, ISM: structure, galaxies: ISM},
     year = 2015,
    month = aug,
   volume = 451,
    pages = {1380-1389},
      doi = {10.1093/mnras/stv1030},
   adsurl = {http://adsabs.harvard.edu/abs/2015MNRAS.451.1380N},
  adsnote = {Provided by the SAO/NASA Astrophysics Data System}
}

@ARTICLE{2015ApJ...809..187S,
   author = {{Skinner}, M.~A. and {Ostriker}, E.~C.},
    title = "{Numerical Simulations of Turbulent Molecular Clouds Regulated by Reprocessed Radiation Feedback from Nascent Super Star Clusters}",
  journal = {\apj},
archivePrefix = "arXiv",
   eprint = {1507.06366},
 keywords = {galaxies: star clusters: general, hydrodynamics, ISM: clouds, methods: numerical, radiative transfer, stars: formation},
     year = 2015,
    month = aug,
   volume = 809,
      eid = {187},
    pages = {187},
      doi = {10.1088/0004-637X/809/2/187},
   adsurl = {http://adsabs.harvard.edu/abs/2015ApJ...809..187S},
  adsnote = {Provided by the SAO/NASA Astrophysics Data System}
}

@ARTICLE{2015MNRAS.450.4035F,
   author = {{Federrath}, C.},
    title = "{Inefficient star formation through turbulence, magnetic fields and feedback}",
  journal = {\mnras},
archivePrefix = "arXiv",
   eprint = {1504.03690},
 primaryClass = "astro-ph.SR",
 keywords = {MHD, turbulence, stars: formation, ISM: clouds, ISM: jets and outflows, ISM: kinematics and dynamics},
     year = 2015,
    month = jul,
   volume = 450,
    pages = {4035-4042},
      doi = {10.1093/mnras/stv941},
   adsurl = {http://adsabs.harvard.edu/abs/2015MNRAS.450.4035F},
  adsnote = {Provided by the SAO/NASA Astrophysics Data System}
}

@ARTICLE{2015ApJ...808...48B,
   author = {{Burkhart}, B. and {Collins}, D.~C. and {Lazarian}, A.},
    title = "{Observational Diagnostics of Self-gravitating MHD Turbulence in Giant Molecular Clouds}",
  journal = {\apj},
archivePrefix = "arXiv",
   eprint = {1505.03855},
 primaryClass = "astro-ph.SR",
 keywords = {dust, extinction, ISM: kinematics and dynamics, magnetic fields, magnetohydrodynamics: MHD, molecular data, stars: formation, turbulence},
     year = 2015,
    month = jul,
   volume = 808,
      eid = {48},
    pages = {48},
      doi = {10.1088/0004-637X/808/1/48},
   adsurl = {http://adsabs.harvard.edu/abs/2015ApJ...808...48B},
  adsnote = {Provided by the SAO/NASA Astrophysics Data System}
}

@ARTICLE{2015ApJ...806...31G,
   author = {{Gong}, M. and {Ostriker}, E.~C.},
    title = "{Prestellar Core Formation, Evolution, and Accretion from Gravitational Fragmentation in Turbulent Converging Flows}",
  journal = {\apj},
archivePrefix = "arXiv",
   eprint = {1504.02140},
 primaryClass = "astro-ph.SR",
 keywords = {ISM: structure, methods: numerical, stars: formation, stars: luminosity function, mass function, turbulence},
     year = 2015,
    month = jun,
   volume = 806,
      eid = {31},
    pages = {31},
      doi = {10.1088/0004-637X/806/1/31},
   adsurl = {http://adsabs.harvard.edu/abs/2015ApJ...806...31G},
  adsnote = {Provided by the SAO/NASA Astrophysics Data System}
}

@ARTICLE{2015ApJ...804...44M,
   author = {{Murray}, N. and {Chang}, P.},
    title = "{Star Formation in Self-gravitating Turbulent Fluids}",
  journal = {\apj},
archivePrefix = "arXiv",
   eprint = {1407.6373},
 primaryClass = "astro-ph.SR",
 keywords = {galaxies: star clusters: general, galaxies: star formation, stars: formation, turbulence},
     year = 2015,
    month = may,
   volume = 804,
      eid = {44},
    pages = {44},
      doi = {10.1088/0004-637X/804/1/44},
   adsurl = {http://adsabs.harvard.edu/abs/2015ApJ...804...44M},
  adsnote = {Provided by the SAO/NASA Astrophysics Data System}
}

@ARTICLE{2015ApJ...804...18A,
   author = {{Agertz}, O. and {Kravtsov}, A.~V.},
    title = "{On the Interplay between Star Formation and Feedback in Galaxy Formation Simulations}",
  journal = {\apj},
archivePrefix = "arXiv",
   eprint = {1404.2613},
 keywords = {galaxies: evolution, galaxies: formation, galaxies: high-redshift, galaxies: star formation, galaxies: stellar content, methods: numerical},
     year = 2015,
    month = may,
   volume = 804,
      eid = {18},
    pages = {18},
      doi = {10.1088/0004-637X/804/1/18},
   adsurl = {http://adsabs.harvard.edu/abs/2015ApJ...804...18A},
  adsnote = {Provided by the SAO/NASA Astrophysics Data System}
}

@ARTICLE{2015MNRAS.448.3297F,
   author = {{Federrath}, C. and {Banerjee}, S.},
    title = "{The density structure and star formation rate of non-isothermal polytropic turbulence}",
  journal = {\mnras},
archivePrefix = "arXiv",
   eprint = {1412.2756},
 keywords = {equation of state, hydrodynamics, turbulence, ISM: clouds, ISM: structure, galaxies: ISM},
     year = 2015,
    month = apr,
   volume = 448,
    pages = {3297-3313},
      doi = {10.1093/mnras/stv180},
   adsurl = {http://adsabs.harvard.edu/abs/2015MNRAS.448.3297F},
  adsnote = {Provided by the SAO/NASA Astrophysics Data System}
}

@ARTICLE{2015ApJ...800...49L,
   author = {{Lee}, E.~J. and {Chang}, P. and {Murray}, N.},
    title = "{Time-varying Dynamical Star Formation Rate}",
  journal = {\apj},
archivePrefix = "arXiv",
   eprint = {1406.4148},
 primaryClass = "astro-ph.SR",
 keywords = {hydrodynamics, magnetohydrodynamics: MHD, stars: formation, turbulence },
     year = 2015,
    month = feb,
   volume = 800,
      eid = {49},
    pages = {49},
      doi = {10.1088/0004-637X/800/1/49},
   adsurl = {http://adsabs.harvard.edu/abs/2015ApJ...800...49L},
  adsnote = {Provided by the SAO/NASA Astrophysics Data System}
}

@ARTICLE{2015A&A...573A.119R,
   author = {{Ragan}, S.~E. and {Henning}, T. and {Beuther}, H. and {Linz}, H. and 
	{Zahorecz}, S.},
    title = "{Fragmentation and kinematics of dense molecular cores in the filamentary infrared-dark cloud G011.11-0.12}",
  journal = {\aap},
archivePrefix = "arXiv",
   eprint = {1411.1911},
 keywords = {stars: formation, ISM: kinematics and dynamics, submillimeter:, ISM},
     year = 2015,
    month = jan,
   volume = 573,
      eid = {A119},
    pages = {A119},
      doi = {10.1051/0004-6361/201424948},
   adsurl = {http://adsabs.harvard.edu/abs/2015A%26A...573A.119R},
  adsnote = {Provided by the SAO/NASA Astrophysics Data System}
}

@ARTICLE{2014ApJ...797...32P,
   author = {{Padoan}, P. and {Haugb{\o}lle}, T. and {Nordlund}, {\AA}.},
    title = "{Infall-driven Protostellar Accretion and the Solution to the Luminosity Problem}",
  journal = {\apj},
archivePrefix = "arXiv",
   eprint = {1407.1445},
 primaryClass = "astro-ph.SR",
 keywords = {ISM: kinematics and dynamics, magnetohydrodynamics: MHD, stars: formation, stars: protostars, turbulence},
     year = 2014,
    month = dec,
   volume = 797,
      eid = {32},
    pages = {32},
      doi = {10.1088/0004-637X/797/1/32},
   adsurl = {http://adsabs.harvard.edu/abs/2014ApJ...797...32P},
  adsnote = {Provided by the SAO/NASA Astrophysics Data System}
}

@ARTICLE{2014MNRAS.445..581H,
   author = {{Hopkins}, P.~F. and {Kere{\v s}}, D. and {O{\~n}orbe}, J. and 
	{Faucher-Gigu{\`e}re}, C.-A. and {Quataert}, E. and {Murray}, N. and 
	{Bullock}, J.~S.},
    title = "{Galaxies on FIRE (Feedback In Realistic Environments): stellar feedback explains cosmologically inefficient star formation}",
  journal = {\mnras},
archivePrefix = "arXiv",
   eprint = {1311.2073},
 keywords = {stars: formation, galaxies: active, galaxies: evolution, galaxies: formation, cosmology: theory},
     year = 2014,
    month = nov,
   volume = 445,
    pages = {581-603},
      doi = {10.1093/mnras/stu1738},
   adsurl = {http://adsabs.harvard.edu/abs/2014MNRAS.445..581H},
  adsnote = {Provided by the SAO/NASA Astrophysics Data System}
}

@ARTICLE{2014A&A...570A..81H,
   author = {{Hennebelle}, P. and {Iffrig}, O.},
    title = "{Simulations of magnetized multiphase galactic disc regulated by supernovae explosions}",
  journal = {\aap},
archivePrefix = "arXiv",
   eprint = {1405.7819},
 keywords = {magnetohydrodynamics (MHD), instabilities, ISM: kinematics and dynamics, ISM: structure, ISM: clouds, stars: formation},
     year = 2014,
    month = oct,
   volume = 570,
      eid = {A81},
    pages = {A81},
      doi = {10.1051/0004-6361/201423392},
   adsurl = {http://adsabs.harvard.edu/abs/2014A%26A...570A..81H},
  adsnote = {Provided by the SAO/NASA Astrophysics Data System}
}

@ARTICLE{2014A&A...565A..75C,
   author = {{Csengeri}, T. and {Urquhart}, J.~S. and {Schuller}, F. and 
	{Motte}, F. and {Bontemps}, S. and {Wyrowski}, F. and {Menten}, K.~M. and 
	{Bronfman}, L. and {Beuther}, H. and {Henning}, T. and {Testi}, L. and 
	{Zavagno}, A. and {Walmsley}, M.},
    title = "{The ATLASGAL survey: a catalog of dust condensations in the Galactic plane}",
  journal = {\aap},
archivePrefix = "arXiv",
   eprint = {1312.0937},
 keywords = {surveys, stars: formation, stars: massive, ISM: structure, Galaxy: structure},
     year = 2014,
    month = may,
   volume = 565,
      eid = {A75},
    pages = {A75},
      doi = {10.1051/0004-6361/201322434},
   adsurl = {http://adsabs.harvard.edu/abs/2014A%26A...565A..75C},
  adsnote = {Provided by the SAO/NASA Astrophysics Data System}
}

@ARTICLE{2014MNRAS.439.3420M,
   author = {{Myers}, A.~T. and {Klein}, R.~I. and {Krumholz}, M.~R. and 
	{McKee}, C.~F.},
    title = "{Star cluster formation in turbulent, magnetized dense clumps with radiative and outflow feedback}",
  journal = {\mnras},
archivePrefix = "arXiv",
   eprint = {1401.6096},
 keywords = {magnetic fields, radiative transfer, turbulence, stars: formation, stars: luminosity function, mass function, stars: protostars},
     year = 2014,
    month = apr,
   volume = 439,
    pages = {3420-3438},
      doi = {10.1093/mnras/stu190},
   adsurl = {http://adsabs.harvard.edu/abs/2014MNRAS.439.3420M},
  adsnote = {Provided by the SAO/NASA Astrophysics Data System}
}

@ARTICLE{2013MNRAS.434.3142A,
   author = {{Aumer}, M. and {White}, S.~D.~M. and {Naab}, T. and {Scannapieco}, C.
	},
    title = "{Towards a more realistic population of bright spiral galaxies in cosmological simulations}",
  journal = {\mnras},
archivePrefix = "arXiv",
   eprint = {1304.1559},
 primaryClass = "astro-ph.GA",
 keywords = {methods: numerical, galaxies: evolution, galaxies: formation, galaxies: kinematics and dynamics, galaxies: structure},
     year = 2013,
    month = oct,
   volume = 434,
    pages = {3142-3164},
      doi = {10.1093/mnras/stt1230},
   adsurl = {http://adsabs.harvard.edu/abs/2013MNRAS.434.3142A},
  adsnote = {Provided by the SAO/NASA Astrophysics Data System}
}

@ARTICLE{2013A&A...555A.112P,
   author = {{Peretto}, N. and {Fuller}, G.~A. and {Duarte-Cabral}, A. and 
	{Avison}, A. and {Hennebelle}, P. and {Pineda}, J.~E. and {Andr{\'e}}, P. and 
	{Bontemps}, S. and {Motte}, F. and {Schneider}, N. and {Molinari}, S.
	},
    title = "{Global collapse of molecular clouds as a formation mechanism for the most massive stars}",
  journal = {\aap},
archivePrefix = "arXiv",
   eprint = {1307.2590},
 keywords = {stars: formation, ISM: kinematics and dynamics, ISM: clouds, stars: massive, ISM: structure},
     year = 2013,
    month = jul,
   volume = 555,
      eid = {A112},
    pages = {A112},
      doi = {10.1051/0004-6361/201321318},
   adsurl = {http://adsabs.harvard.edu/abs/2013A%26A...555A.112P},
  adsnote = {Provided by the SAO/NASA Astrophysics Data System}
}

@ARTICLE{2013MNRAS.431.3196S,
   author = {{Schmidt}, W. and {Collins}, D.~C. and {Kritsuk}, A.~G.},
    title = "{Local support against gravity in magnetoturbulent fluids}",
  journal = {\mnras},
archivePrefix = "arXiv",
   eprint = {1302.4292},
 keywords = {gravitation, magnetic fields, turbulence, methods: numerical, ISM: kinematics and dynamics},
     year = 2013,
    month = jun,
   volume = 431,
    pages = {3196-3215},
      doi = {10.1093/mnras/stt399},
   adsurl = {http://adsabs.harvard.edu/abs/2013MNRAS.431.3196S},
  adsnote = {Provided by the SAO/NASA Astrophysics Data System}
}

@ARTICLE{2013A&A...553A.115B,
   author = {{Beuther}, H. and {Linz}, H. and {Tackenberg}, J. and {Henning}, T. and 
	{Krause}, O. and {Ragan}, S. and {Nielbock}, M. and {Launhardt}, R. and 
	{Bihr}, S. and {Schmiedeke}, A. and {Smith}, R. and {Sakai}, T.
	},
    title = "{Fragmentation and dynamical collapse of the starless high-mass star-forming region IRDC 18310-4}",
  journal = {\aap},
archivePrefix = "arXiv",
   eprint = {1304.6820},
 keywords = {stars: early-type, stars: formation, stars: individual: IRDC18310-4, stars: massive, ISM: kinematics and dynamics, ISM: clouds},
     year = 2013,
    month = may,
   volume = 553,
      eid = {A115},
    pages = {A115},
      doi = {10.1051/0004-6361/201220475},
   adsurl = {http://adsabs.harvard.edu/abs/2013A%26A...553A.115B},
  adsnote = {Provided by the SAO/NASA Astrophysics Data System}
}

@ARTICLE{2013MNRAS.430..288S,
   author = {{Shetty}, R. and {Kelly}, B.~C. and {Bigiel}, F.},
    title = "{Evidence for a non-universal Kennicutt-Schmidt relationship using hierarchical Bayesian linear regression}",
  journal = {\mnras},
archivePrefix = "arXiv",
   eprint = {1210.1218},
 keywords = {methods: statistical, galaxies: ISM, galaxies: star formation},
     year = 2013,
    month = mar,
   volume = 430,
    pages = {288-304},
      doi = {10.1093/mnras/sts617},
   adsurl = {http://adsabs.harvard.edu/abs/2013MNRAS.430..288S},
  adsnote = {Provided by the SAO/NASA Astrophysics Data System}
}

@ARTICLE{2013MNRAS.428..129S,
   author = {{Stinson}, G.~S. and {Brook}, C. and {Macci{\`o}}, A.~V. and 
	{Wadsley}, J. and {Quinn}, T.~R. and {Couchman}, H.~M.~P.},
    title = "{Making Galaxies In a Cosmological Context: the need for early stellar feedback}",
  journal = {\mnras},
archivePrefix = "arXiv",
   eprint = {1208.0002},
 keywords = {hydrodynamics, galaxies: formation, galaxies: ISM},
     year = 2013,
    month = jan,
   volume = 428,
    pages = {129-140},
      doi = {10.1093/mnras/sts028},
   adsurl = {http://adsabs.harvard.edu/abs/2013MNRAS.428..129S},
  adsnote = {Provided by the SAO/NASA Astrophysics Data System}
}

@ARTICLE{2012ApJ...761..156F,
   author = {{Federrath}, C. and {Klessen}, R.~S.},
    title = "{The Star Formation Rate of Turbulent Magnetized Clouds: Comparing Theory, Simulations, and Observations}",
  journal = {\apj},
archivePrefix = "arXiv",
   eprint = {1209.2856},
 primaryClass = "astro-ph.SR",
 keywords = {ISM: clouds, ISM: kinematics and dynamics, ISM: structure, magnetohydrodynamics: MHD, stars: formation, turbulence},
     year = 2012,
    month = dec,
   volume = 761,
      eid = {156},
    pages = {156},
      doi = {10.1088/0004-637X/761/2/156},
   adsurl = {http://adsabs.harvard.edu/abs/2012ApJ...761..156F},
  adsnote = {Provided by the SAO/NASA Astrophysics Data System}
}

@ARTICLE{2012MNRAS.423.2680M,
   author = {{Molina}, F.~Z. and {Glover}, S.~C.~O. and {Federrath}, C. and 
	{Klessen}, R.~S.},
    title = "{The density variance-Mach number relation in supersonic turbulence - I. Isothermal, magnetized gas}",
  journal = {\mnras},
 keywords = {MHD, shock waves, turbulence, stars: formation, ISM: clouds, ISM: magnetic fields},
     year = 2012,
    month = jul,
   volume = 423,
    pages = {2680-2689},
      doi = {10.1111/j.1365-2966.2012.21075.x},
   adsurl = {http://adsabs.harvard.edu/abs/2012MNRAS.423.2680M},
  adsnote = {Provided by the SAO/NASA Astrophysics Data System}
}

@ARTICLE{2012ApJ...754...71K,
   author = {{Krumholz}, M.~R. and {Klein}, R.~I. and {McKee}, C.~F.},
    title = "{Radiation-hydrodynamic Simulations of the Formation of Orion-like Star Clusters. II. The Initial Mass Function from Winds, Turbulence, and Radiation}",
  journal = {\apj},
archivePrefix = "arXiv",
   eprint = {1203.2620},
 primaryClass = "astro-ph.SR",
 keywords = {ISM: clouds, radiative transfer, stars: formation, stars: luminosity function, mass function, turbulence},
     year = 2012,
    month = jul,
   volume = 754,
      eid = {71},
    pages = {71},
      doi = {10.1088/0004-637X/754/1/71},
   adsurl = {http://adsabs.harvard.edu/abs/2012ApJ...754...71K},
  adsnote = {Provided by the SAO/NASA Astrophysics Data System}
}

@ARTICLE{2012ApJ...750L..31R,
   author = {{Robertson}, B. and {Goldreich}, P.},
    title = "{Adiabatic Heating of Contracting Turbulent Fluids}",
  journal = {\apjl},
archivePrefix = "arXiv",
   eprint = {1203.4815},
 keywords = {hydrodynamics, turbulence},
     year = 2012,
    month = may,
   volume = 750,
      eid = {L31},
    pages = {L31},
      doi = {10.1088/2041-8205/750/2/L31},
   adsurl = {http://adsabs.harvard.edu/abs/2012ApJ...750L..31R},
  adsnote = {Provided by the SAO/NASA Astrophysics Data System}
}

@ARTICLE{2012ApJ...750...13C,
   author = {{Collins}, D.~C. and {Kritsuk}, A.~G. and {Padoan}, P. and {Li}, H. and 
	{Xu}, H. and {Ustyugov}, S.~D. and {Norman}, M.~L.},
    title = "{The Two States of Star-forming Clouds}",
  journal = {\apj},
archivePrefix = "arXiv",
   eprint = {1202.2594},
 primaryClass = "astro-ph.SR",
 keywords = {magnetohydrodynamics: MHD, stars: formation},
     year = 2012,
    month = may,
   volume = 750,
      eid = {13},
    pages = {13},
      doi = {10.1088/0004-637X/750/1/13},
   adsurl = {http://adsabs.harvard.edu/abs/2012ApJ...750...13C},
  adsnote = {Provided by the SAO/NASA Astrophysics Data System}
}

@ARTICLE{2012MNRAS.421.3522H,
   author = {{Hopkins}, P.~F. and {Quataert}, E. and {Murray}, N.},
    title = "{Stellar feedback in galaxies and the origin of galaxy-scale winds}",
  journal = {\mnras},
archivePrefix = "arXiv",
   eprint = {1110.4638},
 primaryClass = "astro-ph.CO",
 keywords = {stars: formation, galaxies: active, galaxies: evolution, galaxies: formation, cosmology: theory},
     year = 2012,
    month = apr,
   volume = 421,
    pages = {3522-3537},
      doi = {10.1111/j.1365-2966.2012.20593.x},
   adsurl = {http://adsabs.harvard.edu/abs/2012MNRAS.421.3522H},
  adsnote = {Provided by the SAO/NASA Astrophysics Data System}
}

@ARTICLE{2012A&A...540A.113T,
   author = {{Tackenberg}, J. and {Beuther}, H. and {Henning}, T. and {Schuller}, F. and 
	{Wienen}, M. and {Motte}, F. and {Wyrowski}, F. and {Bontemps}, S. and 
	{Bronfman}, L. and {Menten}, K. and {Testi}, L. and {Lefloch}, B.
	},
    title = "{Search for starless clumps in the ATLASGAL survey}",
  journal = {\aap},
archivePrefix = "arXiv",
   eprint = {1201.4732},
 keywords = {ISM: clouds, stars: formation, surveys, stars: massive, stars: distances, Galaxy: fundamental parameters},
     year = 2012,
    month = apr,
   volume = 540,
      eid = {A113},
    pages = {A113},
      doi = {10.1051/0004-6361/201117412},
   adsurl = {http://adsabs.harvard.edu/abs/2012A%26A...540A.113T},
  adsnote = {Provided by the SAO/NASA Astrophysics Data System}
}

@ARTICLE{2012MNRAS.419.3115B,
   author = {{Bate}, M.~R.},
    title = "{Stellar, brown dwarf and multiple star properties from a radiation hydrodynamical simulation of star cluster formation}",
  journal = {\mnras},
archivePrefix = "arXiv",
   eprint = {1110.1092},
 primaryClass = "astro-ph.SR",
 keywords = {hydrodynamics, radiative transfer, binaries: general, stars: formation, stars: low-mass, stars: luminosity function, mass function},
     year = 2012,
    month = feb,
   volume = 419,
    pages = {3115-3146},
      doi = {10.1111/j.1365-2966.2011.19955.x},
   adsurl = {http://adsabs.harvard.edu/abs/2012MNRAS.419.3115B},
  adsnote = {Provided by the SAO/NASA Astrophysics Data System}
}

@ARTICLE{2012ApJ...746..174R,
   author = {{Ragan}, S.~E. and {Heitsch}, F. and {Bergin}, E.~A. and {Wilner}, D.
	},
    title = "{Very Large Array Observations of Ammonia in Infrared-dark Clouds. II. Internal Kinematics}",
  journal = {\apj},
archivePrefix = "arXiv",
   eprint = {1201.1402},
 keywords = {Galaxy: structure, ISM: clouds, ISM: kinematics and dynamics, radio lines: ISM, stars: formation, techniques: interferometric, techniques: spectroscopic},
     year = 2012,
    month = feb,
   volume = 746,
      eid = {174},
    pages = {174},
      doi = {10.1088/0004-637X/746/2/174},
   adsurl = {http://adsabs.harvard.edu/abs/2012ApJ...746..174R},
  adsnote = {Provided by the SAO/NASA Astrophysics Data System}
}

@ARTICLE{2012ApJ...745...69K,
   author = {{Krumholz}, M.~R. and {Dekel}, A. and {McKee}, C.~F.},
    title = "{A Universal, Local Star Formation Law in Galactic Clouds, nearby Galaxies, High-redshift Disks, and Starbursts}",
  journal = {\apj},
archivePrefix = "arXiv",
   eprint = {1109.4150},
 keywords = {galaxies: high-redshift, galaxies: ISM, galaxies: starburst, ISM: clouds, stars: formation},
     year = 2012,
    month = jan,
   volume = 745,
      eid = {69},
    pages = {69},
      doi = {10.1088/0004-637X/745/1/69},
   adsurl = {http://adsabs.harvard.edu/abs/2012ApJ...745...69K},
  adsnote = {Provided by the SAO/NASA Astrophysics Data System}
}

@ARTICLE{2011MNRAS.417..950H,
   author = {{Hopkins}, P.~F. and {Quataert}, E. and {Murray}, N.},
    title = "{Self-regulated star formation in galaxies via momentum input from massive stars}",
  journal = {\mnras},
archivePrefix = "arXiv",
   eprint = {1101.4940},
 primaryClass = "astro-ph.CO",
 keywords = {galaxies: evolution, galaxies: formation, cosmology: theory},
     year = 2011,
    month = oct,
   volume = 417,
    pages = {950-973},
      doi = {10.1111/j.1365-2966.2011.19306.x},
   adsurl = {http://adsabs.harvard.edu/abs/2011MNRAS.417..950H},
  adsnote = {Provided by the SAO/NASA Astrophysics Data System}
}

@ARTICLE{2011ApJ...740L...5C,
   author = {{Csengeri}, T. and {Bontemps}, S. and {Schneider}, N. and {Motte}, F. and 
	{Gueth}, F. and {Hora}, J.~L.},
    title = "{Convergent Flows and Low-velocity Shocks in DR21(OH)}",
  journal = {\apjl},
archivePrefix = "arXiv",
   eprint = {1108.4451},
 keywords = {ISM: kinematics and dynamics, stars: formation},
     year = 2011,
    month = oct,
   volume = 740,
      eid = {L5},
    pages = {L5},
      doi = {10.1088/2041-8205/740/1/L5},
   adsurl = {http://adsabs.harvard.edu/abs/2011ApJ...740L...5C},
  adsnote = {Provided by the SAO/NASA Astrophysics Data System}
}

@ARTICLE{2011ARA&A..49...67W,
   author = {{Williams}, J.~P. and {Cieza}, L.~A.},
    title = "{Protoplanetary Disks and Their Evolution}",
  journal = {\araa},
archivePrefix = "arXiv",
   eprint = {1103.0556},
 primaryClass = "astro-ph.GA",
     year = 2011,
    month = sep,
   volume = 49,
    pages = {67-117},
      doi = {10.1146/annurev-astro-081710-102548},
   adsurl = {http://adsabs.harvard.edu/abs/2011ARA%26A..49...67W},
  adsnote = {Provided by the SAO/NASA Astrophysics Data System}
}

@ARTICLE{2011A&A...530A..53K,
   author = {{Klaassen}, P.~D. and {Wilson}, C.~D. and {Keto}, E.~R. and 
	{Zhang}, Q. and {Galv{\'a}n-Madrid}, R. and {Liu}, H.-Y.~B.},
    title = "{High resolution CO observation of massive star forming regions}",
  journal = {\aap},
archivePrefix = "arXiv",
   eprint = {1103.5706},
 primaryClass = "astro-ph.SR",
 keywords = {stars: massive, stars: protostars, ISM: jets and outflows, ISM: kinematics and dynamics, submillimeter: ISM, HII regions},
     year = 2011,
    month = jun,
   volume = 530,
      eid = {A53},
    pages = {A53},
      doi = {10.1051/0004-6361/201016371},
   adsurl = {http://adsabs.harvard.edu/abs/2011A%26A...530A..53K},
  adsnote = {Provided by the SAO/NASA Astrophysics Data System}
}

@ARTICLE{2011ApJ...731...62F,
   author = {{Federrath}, C. and {Sur}, S. and {Schleicher}, D.~R.~G. and 
	{Banerjee}, R. and {Klessen}, R.~S.},
    title = "{A New Jeans Resolution Criterion for (M)HD Simulations of Self-gravitating Gas: Application to Magnetic Field Amplification by Gravity-driven Turbulence}",
  journal = {\apj},
archivePrefix = "arXiv",
   eprint = {1102.0266},
 primaryClass = "astro-ph.SR",
 keywords = {dynamo, hydrodynamics, ISM: clouds, ISM: kinematics and dynamics, ISM: structure, magnetohydrodynamics: MHD, methods: numerical, turbulence},
     year = 2011,
    month = apr,
   volume = 731,
      eid = {62},
    pages = {62},
      doi = {10.1088/0004-637X/731/1/62},
   adsurl = {http://adsabs.harvard.edu/abs/2011ApJ...731...62F},
  adsnote = {Provided by the SAO/NASA Astrophysics Data System}
}

@ARTICLE{2011ApJ...731...59C,
   author = {{Collins}, D.~C. and {Padoan}, P. and {Norman}, M.~L. and {Xu}, H.
	},
    title = "{Mass and Magnetic Distributions in Self-gravitating Super-Alfv{\'e}nic Turbulence with Adaptive Mesh Refinement}",
  journal = {\apj},
archivePrefix = "arXiv",
   eprint = {1008.2402},
 keywords = {ISM: clouds, ISM: kinematics and dynamics, ISM: magnetic fields, magnetohydrodynamics: MHD},
     year = 2011,
    month = apr,
   volume = 731,
      eid = {59},
    pages = {59},
      doi = {10.1088/0004-637X/731/1/59},
   adsurl = {http://adsabs.harvard.edu/abs/2011ApJ...731...59C},
  adsnote = {Provided by the SAO/NASA Astrophysics Data System}
}

@ARTICLE{2011ApJ...730...40P,
   author = {{Padoan}, P. and {Nordlund}, {\AA}.},
    title = "{The Star Formation Rate of Supersonic Magnetohydrodynamic Turbulence}",
  journal = {\apj},
archivePrefix = "arXiv",
   eprint = {0907.0248},
 primaryClass = "astro-ph.GA",
 keywords = {ISM: kinematics and dynamics, magnetohydrodynamics: MHD, stars: formation, turbulence},
     year = 2011,
    month = mar,
   volume = 730,
      eid = {40},
    pages = {40},
      doi = {10.1088/0004-637X/730/1/40},
   adsurl = {http://adsabs.harvard.edu/abs/2011ApJ...730...40P},
  adsnote = {Provided by the SAO/NASA Astrophysics Data System}
}

@ARTICLE{2011ApJ...729..133M,
   author = {{Murray}, N.},
    title = "{Star Formation Efficiencies and Lifetimes of Giant Molecular Clouds in the Milky Way}",
  journal = {\apj},
archivePrefix = "arXiv",
   eprint = {1007.3270},
 keywords = {galaxies: star clusters: general, ISM: bubbles, ISM: clouds, stars: formation},
     year = 2011,
    month = mar,
   volume = 729,
      eid = {133},
    pages = {133},
      doi = {10.1088/0004-637X/729/2/133},
   adsurl = {http://adsabs.harvard.edu/abs/2011ApJ...729..133M},
  adsnote = {Provided by the SAO/NASA Astrophysics Data System}
}

@ARTICLE{2011ApJ...729..120G,
   author = {{Gong}, H. and {Ostriker}, E.~C.},
    title = "{Dense Core Formation in Supersonic Turbulent Converging Flows}",
  journal = {\apj},
archivePrefix = "arXiv",
   eprint = {1101.2650},
 primaryClass = "astro-ph.SR",
 keywords = {ISM: structure, methods: numerical, stars: formation, turbulence},
     year = 2011,
    month = mar,
   volume = 729,
      eid = {120},
    pages = {120},
      doi = {10.1088/0004-637X/729/2/120},
   adsurl = {http://adsabs.harvard.edu/abs/2011ApJ...729..120G},
  adsnote = {Provided by the SAO/NASA Astrophysics Data System}
}

@ARTICLE{2011A&A...527A.135C,
   author = {{Csengeri}, T. and {Bontemps}, S. and {Schneider}, N. and {Motte}, F. and 
	{Dib}, S.},
    title = "{Gas dynamics in massive dense cores in Cygnus-X}",
  journal = {\aap},
archivePrefix = "arXiv",
   eprint = {1009.0598},
 keywords = {ISM: kinematics and dynamics, radio lines: ISM, molecular data, star: protostars},
     year = 2011,
    month = mar,
   volume = 527,
      eid = {A135},
    pages = {A135},
      doi = {10.1051/0004-6361/201014984},
   adsurl = {http://adsabs.harvard.edu/abs/2011A%26A...527A.135C},
  adsnote = {Provided by the SAO/NASA Astrophysics Data System}
}

@ARTICLE{2011MNRAS.410.2625P,
   author = {{Piontek}, F. and {Steinmetz}, M.},
    title = "{The modelling of feedback processes in cosmological simulations of disc galaxy formation}",
  journal = {\mnras},
archivePrefix = "arXiv",
   eprint = {0909.4156},
 keywords = {hydrodynamics, methods: numerical, galaxies: evolution, galaxies: formation, galaxies: spiral, galaxies: structure},
     year = 2011,
    month = feb,
   volume = 410,
    pages = {2625-2642},
      doi = {10.1111/j.1365-2966.2010.17637.x},
   adsurl = {http://adsabs.harvard.edu/abs/2011MNRAS.410.2625P},
  adsnote = {Provided by the SAO/NASA Astrophysics Data System}
}

@ARTICLE{2011MNRAS.410L...8C,
   author = {{Cho}, W. and {Kim}, J.},
    title = "{Enhanced core formation rate in a turbulent cloud by self-gravity}",
  journal = {\mnras},
archivePrefix = "arXiv",
   eprint = {1010.2882},
 keywords = {MHD, turbulence, methods: numerical, stars: formation, ISM: clouds},
     year = 2011,
    month = jan,
   volume = 410,
    pages = {L8-L12},
      doi = {10.1111/j.1745-3933.2010.00968.x},
   adsurl = {http://adsabs.harvard.edu/abs/2011MNRAS.410L...8C},
  adsnote = {Provided by the SAO/NASA Astrophysics Data System}
}

@ARTICLE{2011ApJ...727L..20K,
   author = {{Kritsuk}, A.~G. and {Norman}, M.~L. and {Wagner}, R.},
    title = "{On the Density Distribution in Star-forming Interstellar Clouds}",
  journal = {\apjl},
archivePrefix = "arXiv",
   eprint = {1007.2950},
 primaryClass = "astro-ph.GA",
 keywords = {ISM: structure, methods: numerical, stars: formation, turbulence},
     year = 2011,
    month = jan,
   volume = 727,
      eid = {L20},
    pages = {L20},
      doi = {10.1088/2041-8205/727/1/L20},
   adsurl = {http://adsabs.harvard.edu/abs/2011ApJ...727L..20K},
  adsnote = {Provided by the SAO/NASA Astrophysics Data System}
}

@ARTICLE{2010ApJ...725...17G,
   author = {{Galv{\'a}n-Madrid}, R. and {Zhang}, Q. and {Keto}, E. and {Ho}, P.~T.~P. and 
	{Zapata}, L.~A. and {Rodr{\'{\i}}guez}, L.~F. and {Pineda}, J.~E. and 
	{V{\'a}zquez-Semadeni}, E.},
    title = "{From the Convergence of Filaments to Disk-outflow Accretion: Massive Star Formation in W33A}",
  journal = {\apj},
archivePrefix = "arXiv",
   eprint = {1004.2466},
 keywords = {H II regions, ISM: individual objects: W33A, stars: formation},
     year = 2010,
    month = dec,
   volume = 725,
    pages = {17-28},
      doi = {10.1088/0004-637X/725/1/17},
   adsurl = {http://adsabs.harvard.edu/abs/2010ApJ...725...17G},
  adsnote = {Provided by the SAO/NASA Astrophysics Data System}
}

@ARTICLE{2010JPhCS.256a2026L,
   author = {{Loken}, C. and {Gruner}, D. and {Groer}, L. and {Peltier}, R. and 
	{Bunn}, N. and {Craig}, M. and {Henriques}, T. and {Dempsey}, J. and 
	{Yu}, C.-H. and {Chen}, J. and {Dursi}, L.~J. and {Chong}, J. and 
	{Northrup}, S. and {Pinto}, J. and {Knecht}, N. and {Van Zon}, R.
	},
    title = "{SciNet: Lessons Learned from Building a Power-efficient Top-20 System and Data Centre}",
  journal = {Journal of Physics Conference Series},
     year = 2010,
    month = nov,
   volume = 256,
   number = 1,
      eid = {012026},
    pages = {012026},
      doi = {10.1088/1742-6596/256/1/012026},
   adsurl = {http://adsabs.harvard.edu/abs/2010JPhCS.256a2026L},
  adsnote = {Provided by the SAO/NASA Astrophysics Data System}
}

@MISC{2010ascl.soft11007T,
   author = {{Teyssier}, R.},
    title = "{RAMSES: A new N-body and hydrodynamical code}",
 keywords = {Software},
howpublished = {Astrophysics Source Code Library},
     year = 2010,
    month = nov,
archivePrefix = "ascl",
   eprint = {1011.007},
   adsurl = {http://adsabs.harvard.edu/abs/2010ascl.soft11007T},
  adsnote = {Provided by the SAO/NASA Astrophysics Data System}
}

@ARTICLE{2010ApJ...724..687L,
   author = {{Lada}, C.~J. and {Lombardi}, M. and {Alves}, J.~F.},
    title = "{On the Star Formation Rates in Molecular Clouds}",
  journal = {\apj},
archivePrefix = "arXiv",
   eprint = {1009.2985},
 keywords = {dust, extinction, ISM: clouds, stars: formation},
     year = 2010,
    month = nov,
   volume = 724,
    pages = {687-693},
      doi = {10.1088/0004-637X/724/1/687},
   adsurl = {http://adsabs.harvard.edu/abs/2010ApJ...724..687L},
  adsnote = {Provided by the SAO/NASA Astrophysics Data System}
}

@ARTICLE{2010ApJ...723.1019H,
   author = {{Heiderman}, A. and {Evans}, II, N.~J. and {Allen}, L.~E. and 
	{Huard}, T. and {Heyer}, M.},
    title = "{The Star Formation Rate and Gas Surface Density Relation in the Milky Way: Implications for Extragalactic Studies}",
  journal = {\apj},
archivePrefix = "arXiv",
   eprint = {1009.1621},
 keywords = {dust, extinction, galaxies: ISM, galaxies: star formation, infrared: stars, ISM: clouds, stars: formation},
     year = 2010,
    month = nov,
   volume = 723,
      eid = {1019-1037},
    pages = {1019-1037},
      doi = {10.1088/0004-637X/723/2/1019},
   adsurl = {http://adsabs.harvard.edu/abs/2010ApJ...723.1019H},
  adsnote = {Provided by the SAO/NASA Astrophysics Data System}
}

@ARTICLE{2010ApJ...721L.134S,
   author = {{Sur}, S. and {Schleicher}, D.~R.~G. and {Banerjee}, R. and 
	{Federrath}, C. and {Klessen}, R.~S.},
    title = "{The Generation of Strong Magnetic Fields During the Formation of the First Stars}",
  journal = {\apjl},
archivePrefix = "arXiv",
   eprint = {1008.3481},
 keywords = {cosmology: theory, early universe, magnetic fields, methods: numerical, stars: formation, turbulence},
     year = 2010,
    month = oct,
   volume = 721,
    pages = {L134-L138},
      doi = {10.1088/2041-8205/721/2/L134},
   adsurl = {http://adsabs.harvard.edu/abs/2010ApJ...721L.134S},
  adsnote = {Provided by the SAO/NASA Astrophysics Data System}
}

@ARTICLE{2010ApJ...720.1612M,
   author = {{McKee}, C.~F. and {Li}, P.~S. and {Klein}, R.~I.},
    title = "{Sub-Alfv{\'e}nic Non-ideal MHD Turbulence Simulations with Ambipolar Diffusion. II. Comparison with Observation, Clump Properties, and Scaling to Physical Units}",
  journal = {\apj},
archivePrefix = "arXiv",
   eprint = {1007.2032},
 primaryClass = "astro-ph.SR",
 keywords = {ISM: kinematics and dynamics, ISM: magnetic fields, magnetic fields, magnetohydrodynamics: MHD, stars: formation},
     year = 2010,
    month = sep,
   volume = 720,
    pages = {1612-1634},
      doi = {10.1088/0004-637X/720/2/1612},
   adsurl = {http://adsabs.harvard.edu/abs/2010ApJ...720.1612M},
  adsnote = {Provided by the SAO/NASA Astrophysics Data System}
}

@ARTICLE{2010A&A...520A..49S,
   author = {{Schneider}, N. and {Csengeri}, T. and {Bontemps}, S. and {Motte}, F. and 
	{Simon}, R. and {Hennebelle}, P. and {Federrath}, C. and {Klessen}, R.
	},
    title = "{Dynamic star formation in the massive DR21 filament}",
  journal = {\aap},
archivePrefix = "arXiv",
   eprint = {1003.4198},
 keywords = {ISM: clouds, ISM: individual objects: Cygnus X, ISM: molecules, ISM: kinematics and dynamics, radio lines: ISM, submillimeter: ISM},
     year = 2010,
    month = sep,
   volume = 520,
      eid = {A49},
    pages = {A49},
      doi = {10.1051/0004-6361/201014481},
   adsurl = {http://adsabs.harvard.edu/abs/2010A%26A...520A..49S},
  adsnote = {Provided by the SAO/NASA Astrophysics Data System}
}

@ARTICLE{2010ApJS..188..313W,
   author = {{Wu}, J. and {Evans}, II, N.~J. and {Shirley}, Y.~L. and {Knez}, C.
	},
    title = "{The Properties of Massive, Dense Clumps: Mapping Surveys of HCN and CS}",
  journal = {\apjs},
archivePrefix = "arXiv",
   eprint = {1004.0398},
 keywords = {galaxies: formation, ISM: clouds, ISM: molecules, stars: formation, submillimeter: ISM},
     year = 2010,
    month = jun,
   volume = 188,
      eid = {313-357},
    pages = {313-357},
      doi = {10.1088/0067-0049/188/2/313},
   adsurl = {http://adsabs.harvard.edu/abs/2010ApJS..188..313W},
  adsnote = {Provided by the SAO/NASA Astrophysics Data System}
}

@ARTICLE{2010MNRAS.404.1111G,
   author = {{Guo}, Q. and {White}, S. and {Li}, C. and {Boylan-Kolchin}, M.
	},
    title = "{How do galaxies populate dark matter haloes?}",
  journal = {\mnras},
archivePrefix = "arXiv",
   eprint = {0909.4305},
 primaryClass = "astro-ph.CO",
 keywords = {galaxies: haloes, galaxies: luminosity function, mass function, cosmology: theory, dark matter, large-scale structure of Universe},
     year = 2010,
    month = may,
   volume = 404,
    pages = {1111-1120},
      doi = {10.1111/j.1365-2966.2010.16341.x},
   adsurl = {http://adsabs.harvard.edu/abs/2010MNRAS.404.1111G},
  adsnote = {Provided by the SAO/NASA Astrophysics Data System}
}

@ARTICLE{2010ApJ...713..269F,
   author = {{Federrath}, C. and {Banerjee}, R. and {Clark}, P.~C. and {Klessen}, R.~S.
	},
    title = "{Modeling Collapse and Accretion in Turbulent Gas Clouds: Implementation and Comparison of Sink Particles in AMR and SPH}",
  journal = {\apj},
archivePrefix = "arXiv",
   eprint = {1001.4456},
 primaryClass = "astro-ph.SR",
 keywords = {accretion, accretion disks, hydrodynamics, ISM: kinematics and dynamics, methods: numerical, shock waves, stars: formation},
     year = 2010,
    month = apr,
   volume = 713,
    pages = {269-290},
      doi = {10.1088/0004-637X/713/1/269},
   adsurl = {http://adsabs.harvard.edu/abs/2010ApJ...713..269F},
  adsnote = {Provided by the SAO/NASA Astrophysics Data System}
}

@ARTICLE{2010A&A...512A..81F,
   author = {{Federrath}, C. and {Roman-Duval}, J. and {Klessen}, R.~S. and 
	{Schmidt}, W. and {Mac Low}, M.-M.},
    title = "{Comparing the statistics of interstellar turbulence in simulations and observations. Solenoidal versus compressive turbulence forcing}",
  journal = {\aap},
archivePrefix = "arXiv",
   eprint = {0905.1060},
 primaryClass = "astro-ph.SR",
 keywords = {hydrodynamics, ISM: clouds, ISM: kinematics and dynamics, methods: numerical, methods: statistical, turbulence},
     year = 2010,
    month = mar,
   volume = 512,
      eid = {A81},
    pages = {A81},
      doi = {10.1051/0004-6361/200912437},
   adsurl = {http://adsabs.harvard.edu/abs/2010A%26A...512A..81F},
  adsnote = {Provided by the SAO/NASA Astrophysics Data System}
}

@ARTICLE{2010MNRAS.402...73B,
   author = {{Barnes}, P.~J. and {Yonekura}, Y. and {Ryder}, S.~D. and {Hopkins}, A.~M. and 
	{Miyamoto}, Y. and {Furukawa}, N. and {Fukui}, Y.},
    title = "{Discovery of large-scale gravitational infall in a massive protostellar cluster}",
  journal = {\mnras},
archivePrefix = "arXiv",
   eprint = {0812.1789},
 keywords = {astrochemistry, stars: formation, ISM: kinematics and dynamics, ISM: molecules, infrared: ISM, radio lines: ISM},
     year = 2010,
    month = feb,
   volume = 402,
    pages = {73-86},
      doi = {10.1111/j.1365-2966.2009.15890.x},
   adsurl = {http://adsabs.harvard.edu/abs/2010MNRAS.402...73B},
  adsnote = {Provided by the SAO/NASA Astrophysics Data System}
}

@ARTICLE{2010Natur.463..203G,
   author = {{Governato}, F. and {Brook}, C. and {Mayer}, L. and {Brooks}, A. and 
	{Rhee}, G. and {Wadsley}, J. and {Jonsson}, P. and {Willman}, B. and 
	{Stinson}, G. and {Quinn}, T. and {Madau}, P.},
    title = "{Bulgeless dwarf galaxies and dark matter cores from supernova-driven outflows}",
  journal = {\nat},
archivePrefix = "arXiv",
   eprint = {0911.2237},
     year = 2010,
    month = jan,
   volume = 463,
    pages = {203-206},
      doi = {10.1038/nature08640},
   adsurl = {http://adsabs.harvard.edu/abs/2010Natur.463..203G},
  adsnote = {Provided by the SAO/NASA Astrophysics Data System}
}

@ARTICLE{2010ApJ...709...27W,
   author = {{Wang}, P. and {Li}, Z.-Y. and {Abel}, T. and {Nakamura}, F.
	},
    title = "{Outflow Feedback Regulated Massive Star Formation in Parsec-Scale Cluster-Forming Clumps}",
  journal = {\apj},
archivePrefix = "arXiv",
   eprint = {0908.4129},
 primaryClass = "astro-ph.SR",
 keywords = {ISM: jets and outflows, magnetic fields, methods: numerical, magnetohydrodynamics: MHD, stars: formation, turbulence},
     year = 2010,
    month = jan,
   volume = 709,
    pages = {27-41},
      doi = {10.1088/0004-637X/709/1/27},
   adsurl = {http://adsabs.harvard.edu/abs/2010ApJ...709...27W},
  adsnote = {Provided by the SAO/NASA Astrophysics Data System}
}

@ARTICLE{2010ApJ...708.1585K,
   author = {{Kratter}, K.~M. and {Matzner}, C.~D. and {Krumholz}, M.~R. and 
	{Klein}, R.~I.},
    title = "{On the Role of Disks in the Formation of Stellar Systems: A Numerical Parameter Study of Rapid Accretion}",
  journal = {\apj},
archivePrefix = "arXiv",
   eprint = {0907.3476},
 primaryClass = "astro-ph.SR",
 keywords = {accretion, accretion disks, binaries: general, stars: formation, stars: low-mass, brown dwarfs},
     year = 2010,
    month = jan,
   volume = 708,
    pages = {1585-1597},
      doi = {10.1088/0004-637X/708/2/1585},
   adsurl = {http://adsabs.harvard.edu/abs/2010ApJ...708.1585K},
  adsnote = {Provided by the SAO/NASA Astrophysics Data System}
}

@INPROCEEDINGS{2009ASPC..406..243L,
   author = {{Lee}, D. and {Deane}, A.~E. and {Federrath}, C.},
    title = "{A New Multidimensional Unsplit MHD Solver in FLASH3}",
booktitle = {Numerical Modeling of Space Plasma Flows: ASTRONUM-2008},
     year = 2009,
   series = {Astronomical Society of the Pacific Conference Series},
   volume = 406,
   editor = {{Pogorelov}, N.~V. and {Audit}, E. and {Colella}, P. and {Zank}, G.~P.
	},
    month = apr,
    pages = {243},
   adsurl = {http://adsabs.harvard.edu/abs/2009ASPC..406..243L},
  adsnote = {Provided by the SAO/NASA Astrophysics Data System}
}

@ARTICLE{2008ApJ...688L..79F,
   author = {{Federrath}, C. and {Klessen}, R.~S. and {Schmidt}, W.},
    title = "{The Density Probability Distribution in Compressible Isothermal Turbulence: Solenoidal versus Compressive Forcing}",
  journal = {\apjl},
archivePrefix = "arXiv",
   eprint = {0808.0605},
 keywords = {hydrodynamics, ISM: clouds, ISM: kinematics and dynamics, ISM: structure, methods: numerical, turbulence },
     year = 2008,
    month = dec,
   volume = 688,
      eid = {L79},
    pages = {L79},
      doi = {10.1086/595280},
   adsurl = {http://adsabs.harvard.edu/abs/2008ApJ...688L..79F},
  adsnote = {Provided by the SAO/NASA Astrophysics Data System}
}

@ARTICLE{2008AJ....136.2846B,
   author = {{Bigiel}, F. and {Leroy}, A. and {Walter}, F. and {Brinks}, E. and 
	{de Blok}, W.~J.~G. and {Madore}, B. and {Thornley}, M.~D.},
    title = "{The Star Formation Law in Nearby Galaxies on Sub-Kpc Scales}",
  journal = {\aj},
archivePrefix = "arXiv",
   eprint = {0810.2541},
 keywords = {galaxies: evolution, galaxies: ISM, radio lines: galaxies, radio lines: ISM},
     year = 2008,
    month = dec,
   volume = 136,
    pages = {2846-2871},
      doi = {10.1088/0004-6256/136/6/2846},
   adsurl = {http://adsabs.harvard.edu/abs/2008AJ....136.2846B},
  adsnote = {Provided by the SAO/NASA Astrophysics Data System}
}

@ARTICLE{2008ApJ...684.1273K,
   author = {{Klaassen}, P.~D. and {Wilson}, C.~D.},
    title = "{Outflow and Infall in a Sample of Massive Star Forming Regions. II. Large-Scale Kinematics}",
  journal = {\apj},
archivePrefix = "arXiv",
   eprint = {0805.3499},
 keywords = {stars: formation, ISM: jets and outflows},
     year = 2008,
    month = sep,
   volume = 684,
      eid = {1273-1280},
    pages = {1273-1280},
      doi = {10.1086/590368},
   adsurl = {http://adsabs.harvard.edu/abs/2008ApJ...684.1273K},
  adsnote = {Provided by the SAO/NASA Astrophysics Data System}
}

@ARTICLE{2008ApJS..176..293R,
   author = {{Ricker}, P.~M.},
    title = "{A Direct Multigrid Poisson Solver for Oct-Tree Adaptive Meshes}",
  journal = {\apjs},
archivePrefix = "arXiv",
   eprint = {0710.4397},
 keywords = {gravitation, methods: numerical },
     year = 2008,
    month = may,
   volume = 176,
      eid = {293-300},
    pages = {293-300},
      doi = {10.1086/526425},
   adsurl = {http://adsabs.harvard.edu/abs/2008ApJS..176..293R},
  adsnote = {Provided by the SAO/NASA Astrophysics Data System}
}

@INPROCEEDINGS{2008ASPC..385..145D,
   author = {{Dubey}, A. and {Fisher}, R. and {Graziani}, C. and {Jordan}, IV, G.~C. and 
	{Lamb}, D.~Q. and {Reid}, L.~B. and {Rich}, P. and {Sheeler}, D. and 
	{Townsley}, D. and {Weide}, K.},
    title = "{Challenges of Extreme Computing using the FLASH code}",
booktitle = {Numerical Modeling of Space Plasma Flows},
     year = 2008,
   series = {Astronomical Society of the Pacific Conference Series},
   volume = 385,
   editor = {{Pogorelov}, N.~V. and {Audit}, E. and {Zank}, G.~P.},
    month = apr,
    pages = {145},
   adsurl = {http://adsabs.harvard.edu/abs/2008ASPC..385..145D},
  adsnote = {Provided by the SAO/NASA Astrophysics Data System}
}

@ARTICLE{2007ApJ...654..304K,
   author = {{Krumholz}, M.~R. and {Tan}, J.~C.},
    title = "{Slow Star Formation in Dense Gas: Evidence and Implications}",
  journal = {\apj},
   eprint = {astro-ph/0606277},
 keywords = {ISM: Clouds, Stars: Formation},
     year = 2007,
    month = jan,
   volume = 654,
    pages = {304-315},
      doi = {10.1086/509101},
   adsurl = {http://adsabs.harvard.edu/abs/2007ApJ...654..304K},
  adsnote = {Provided by the SAO/NASA Astrophysics Data System}
}

@ARTICLE{2007prpl.conf...81B,
   author = {{Blitz}, L. and {Fukui}, Y. and {Kawamura}, A. and {Leroy}, A. and 
	{Mizuno}, N. and {Rosolowsky}, E.},
    title = "{Giant Molecular Clouds in Local Group Galaxies}",
  journal = {Protostars and Planets V},
   eprint = {astro-ph/0602600},
     year = 2007,
    pages = {81-96},
   adsurl = {http://adsabs.harvard.edu/abs/2007prpl.conf...81B},
  adsnote = {Provided by the SAO/NASA Astrophysics Data System}
}

@ARTICLE{2006A&A...445..979P,
   author = {{Peretto}, N. and {Andr{\'e}}, P. and {Belloche}, A.},
    title = "{Probing the formation of intermediate- to high-mass stars in protoclusters. A detailed millimeter study of the NGC 2264 clumps}",
  journal = {\aap},
   eprint = {astro-ph/0508619},
 keywords = {stars: formation, stars: circumstellar matter, ISM: clouds, ISM: molecules, ISM: kinematics and dynamics},
     year = 2006,
    month = jan,
   volume = 445,
    pages = {979-998},
      doi = {10.1051/0004-6361:20053324},
   adsurl = {http://adsabs.harvard.edu/abs/2006A%26A...445..979P},
  adsnote = {Provided by the SAO/NASA Astrophysics Data System}
}

@ARTICLE{2005ApJ...630..250K,
   author = {{Krumholz}, M.~R. and {McKee}, C.~F.},
    title = "{A General Theory of Turbulence-regulated Star Formation, from Spirals to Ultraluminous Infrared Galaxies}",
  journal = {\apj},
   eprint = {astro-ph/0505177},
 keywords = {Galaxies: ISM, Hydrodynamics, ISM: Clouds, ISM: Kinematics and Dynamics, Stars: Formation, Turbulence},
     year = 2005,
    month = sep,
   volume = 630,
    pages = {250-268},
      doi = {10.1086/431734},
   adsurl = {http://adsabs.harvard.edu/abs/2005ApJ...630..250K},
  adsnote = {Provided by the SAO/NASA Astrophysics Data System}
}

@ARTICLE{2005MNRAS.359..211L,
   author = {{Larson}, R.~B.},
    title = "{Thermal physics, cloud geometry and the stellar initial mass function}",
  journal = {\mnras},
   eprint = {astro-ph/0412357},
 keywords = {stars: formation, stars: luminosity function, mass function},
     year = 2005,
    month = may,
   volume = 359,
    pages = {211-222},
      doi = {10.1111/j.1365-2966.2005.08881.x},
   adsurl = {http://adsabs.harvard.edu/abs/2005MNRAS.359..211L},
  adsnote = {Provided by the SAO/NASA Astrophysics Data System}
}

@ARTICLE{2004ApJ...617..559P,
   author = {{Padoan}, P. and {Nordlund}, {\AA}.},
    title = "{The ``Mysterious'' Origin of Brown Dwarfs}",
  journal = {\apj},
   eprint = {astro-ph/0205019},
 keywords = {ISM: Kinematics and Dynamics, Stars: Formation, Turbulence},
     year = 2004,
    month = dec,
   volume = 617,
    pages = {559-564},
      doi = {10.1086/345413},
   adsurl = {http://adsabs.harvard.edu/abs/2004ApJ...617..559P},
  adsnote = {Provided by the SAO/NASA Astrophysics Data System}
}

@ARTICLE{2003ApJ...585..850M,
   author = {{McKee}, C.~F. and {Tan}, J.~C.},
    title = "{The Formation of Massive Stars from Turbulent Cores}",
  journal = {\apj},
   eprint = {astro-ph/0206037},
 keywords = {Hydrodynamics, ISM: Clouds, Stars: Formation, Turbulence},
     year = 2003,
    month = mar,
   volume = 585,
    pages = {850-871},
      doi = {10.1086/346149},
   adsurl = {http://adsabs.harvard.edu/abs/2003ApJ...585..850M},
  adsnote = {Provided by the SAO/NASA Astrophysics Data System}
}

@ARTICLE{2003ARA&A..41...57L,
   author = {{Lada}, C.~J. and {Lada}, E.~A.},
    title = "{Embedded Clusters in Molecular Clouds}",
  journal = {\araa},
   eprint = {astro-ph/0301540},
     year = 2003,
   volume = 41,
    pages = {57-115},
      doi = {10.1146/annurev.astro.41.011802.094844},
   adsurl = {http://adsabs.harvard.edu/abs/2003ARA%26A..41...57L},
  adsnote = {Provided by the SAO/NASA Astrophysics Data System}
}

@ARTICLE{2002ApJ...576..870P,
   author = {{Padoan}, P. and {Nordlund}, {\AA}.},
    title = "{The Stellar Initial Mass Function from Turbulent Fragmentation}",
  journal = {\apj},
   eprint = {astro-ph/0011465},
 keywords = {ISM: Kinematics and Dynamics, Stars: Formation, Stars: Luminosity Function, Mass Function, Turbulence},
     year = 2002,
    month = sep,
   volume = 576,
    pages = {870-879},
      doi = {10.1086/341790},
   adsurl = {http://adsabs.harvard.edu/abs/2002ApJ...576..870P},
  adsnote = {Provided by the SAO/NASA Astrophysics Data System}
}

@ARTICLE{2002A&A...385..337T,
   author = {{Teyssier}, R.},
    title = "{Cosmological hydrodynamics with adaptive mesh refinement. A new high resolution code called RAMSES}",
  journal = {\aap},
   eprint = {astro-ph/0111367},
 keywords = {GRAVITATION, HYDRODYNAMICS, METHODS: NUMERICAL, COSMOLOGY: THEORY, COSMOLOGY: LARGE-SCALE STRUCTURE OF UNIVERSE},
     year = 2002,
    month = apr,
   volume = 385,
    pages = {337-364},
      doi = {10.1051/0004-6361:20011817},
   adsurl = {http://adsabs.harvard.edu/abs/2002A%26A...385..337T},
  adsnote = {Provided by the SAO/NASA Astrophysics Data System}
}

@ARTICLE{2002Natur.416...59M,
   author = {{McKee}, C.~F. and {Tan}, J.~C.},
    title = "{Massive star formation in 100,000 years from turbulent and pressurized molecular clouds}",
  journal = {\nat},
   eprint = {astro-ph/0203071},
     year = 2002,
    month = mar,
   volume = 416,
    pages = {59-61},
   adsurl = {http://adsabs.harvard.edu/abs/2002Natur.416...59M},
  adsnote = {Provided by the SAO/NASA Astrophysics Data System}
}

@ARTICLE{2000ApJS..131..273F,
   author = {{Fryxell}, B. and {Olson}, K. and {Ricker}, P. and {Timmes}, F.~X. and 
	{Zingale}, M. and {Lamb}, D.~Q. and {MacNeice}, P. and {Rosner}, R. and 
	{Truran}, J.~W. and {Tufo}, H.},
    title = "{FLASH: An Adaptive Mesh Hydrodynamics Code for Modeling Astrophysical Thermonuclear Flashes}",
  journal = {\apjs},
 keywords = {Equation of State, Hydrodynamics, Methods: Numerical, Nuclear Reactions, Nucleosynthesis, Abundances, Stars: General},
     year = 2000,
    month = nov,
   volume = 131,
    pages = {273-334},
      doi = {10.1086/317361},
   adsurl = {http://adsabs.harvard.edu/abs/2000ApJS..131..273F},
  adsnote = {Provided by the SAO/NASA Astrophysics Data System}
}

@ARTICLE{2000ApJ...535..869K,
   author = {{Klessen}, R.~S.},
    title = "{One-Point Probability Distribution Functions of Supersonic Turbulent Flows in Self-gravitating Media}",
  journal = {\apj},
   eprint = {astro-ph/0001379},
 keywords = {ISM: Clouds, ISM: Kinematics and Dynamics, Magnetohydrodynamics: MHD, Turbulence},
     year = 2000,
    month = jun,
   volume = 535,
    pages = {869-886},
      doi = {10.1086/308854},
   adsurl = {http://adsabs.harvard.edu/abs/2000ApJ...535..869K},
  adsnote = {Provided by the SAO/NASA Astrophysics Data System}
}

@ARTICLE{1999AJ....117.1490P,
   author = {{Padgett}, D.~L. and {Brandner}, W. and {Stapelfeldt}, K.~R. and 
	{Strom}, S.~E. and {Terebey}, S. and {Koerner}, D.},
    title = "{HUBBLE SPACE TELESCOPE/NICMOS Imaging of Disks and Envelopes around Very Young Stars}",
  journal = {\aj},
   eprint = {astro-ph/9902101},
 keywords = {STARS: CIRCUMSTELLAR MATTER, ISM: JETS AND OUTFLOWS, STARS: PRE-MAIN-SEQUENCE},
     year = 1999,
    month = mar,
   volume = 117,
    pages = {1490-1504},
      doi = {10.1086/300781},
   adsurl = {http://adsabs.harvard.edu/abs/1999AJ....117.1490P},
  adsnote = {Provided by the SAO/NASA Astrophysics Data System}
}

@ARTICLE{1998ApJ...504..300P,
   author = {{Padoan}, P. and {Juvela}, M. and {Bally}, J. and {Nordlund}, {\AA}.
	},
    title = "{Synthetic Molecular Clouds from Supersonic Magnetohydrodynamic and Non-LTE Radiative Transfer Calculations}",
  journal = {\apj},
   eprint = {astro-ph/9711051},
 keywords = {ISM: CLOUDS, MAGNETOHYDRODYNAMICS: MHD, RADIATIVE TRANSFER, SHOCK WAVES, TURBULENCE, ISM: Clouds, Magnetohydrodynamics: MHD, Radiative Transfer, Shock Waves, Turbulence},
     year = 1998,
    month = sep,
   volume = 504,
    pages = {300-313},
      doi = {10.1086/306060},
   adsurl = {http://adsabs.harvard.edu/abs/1998ApJ...504..300P},
  adsnote = {Provided by the SAO/NASA Astrophysics Data System}
}

@ARTICLE{1998ApJ...498..541K,
   author = {{Kennicutt}, Jr., R.~C.},
    title = "{The Global Schmidt Law in Star-forming Galaxies}",
  journal = {\apj},
   eprint = {astro-ph/9712213},
 keywords = {GALAXIES: EVOLUTION, GALAXIES: ISM, GALAXIES: SPIRAL, GALAXIES: STELLAR CONTENT, GALAXIES: STARBURST, STARS: FORMATION, Galaxies: Evolution, Galaxies: ISM, Galaxies: Spiral, Galaxies: Starburst, Galaxies: Stellar Content, Stars: Formation},
     year = 1998,
    month = may,
   volume = 498,
    pages = {541-552},
      doi = {10.1086/305588},
   adsurl = {http://adsabs.harvard.edu/abs/1998ApJ...498..541K},
  adsnote = {Provided by the SAO/NASA Astrophysics Data System}
}

@ARTICLE{1998RvMP...70....1B,
   author = {{Balbus}, S.~A. and {Hawley}, J.~F.},
    title = "{Instability, turbulence, and enhanced transport in accretion disks}",
  journal = {Reviews of Modern Physics},
 keywords = {Accretion and accretion disks, Hydrodynamics, Infall accretion and accretion disks, Plasma dynamics and flow, Plasma turbulence, Magnetohydrodynamics and plasmas},
     year = 1998,
    month = jan,
   volume = 70,
    pages = {1-53},
      doi = {10.1103/RevModPhys.70.1},
   adsurl = {http://adsabs.harvard.edu/abs/1998RvMP...70....1B},
  adsnote = {Provided by the SAO/NASA Astrophysics Data System}
}

@ARTICLE{1998ApJ...492..596V,
   author = {{V{\'a}zquez-Semadeni}, E. and {Cant{\'o}}, J. and {Lizano}, S.
	},
    title = "{Does Turbulent Pressure Behave as a Logatrope?}",
  journal = {\apj},
   eprint = {astro-ph/9708148},
 keywords = {ISM: CLOUDS, MAGNETOHYDRODYNAMICS: MHD, METHODS: NUMERICAL, TURBULENCE, ISM: Clouds, Magnetohydrodynamics: MHD, Methods: Numerical, Turbulence},
     year = 1998,
    month = jan,
   volume = 492,
    pages = {596-602},
      doi = {10.1086/305064},
   adsurl = {http://adsabs.harvard.edu/abs/1998ApJ...492..596V},
  adsnote = {Provided by the SAO/NASA Astrophysics Data System}
}

@ARTICLE{1997ApJ...489L.179T,
   author = {{Truelove}, J.~K. and {Klein}, R.~I. and {McKee}, C.~F. and 
	{Holliman}, II, J.~H. and {Howell}, L.~H. and {Greenough}, J.~A.
	},
    title = "{The Jeans Condition: A New Constraint on Spatial Resolution in Simulations of Isothermal Self-gravitational Hydrodynamics}",
  journal = {\apjl},
 keywords = {GRAVITATION, HYDRODYNAMICS, ISM: CLOUDS, METHODS: NUMERICAL, STARS: FORMATION, Gravitation, Hydrodynamics, ISM: Clouds, Methods: Numerical, Stars: Formation},
     year = 1997,
    month = nov,
   volume = 489,
    pages = {L179-L183},
      doi = {10.1086/310975},
   adsurl = {http://adsabs.harvard.edu/abs/1997ApJ...489L.179T},
  adsnote = {Provided by the SAO/NASA Astrophysics Data System}
}

@ARTICLE{1997ApJ...476..750M,
   author = {{McLaughlin}, D.~E. and {Pudritz}, R.~E.},
    title = "{Gravitational Collapse and Star Formation in Logotropic and Nonisothermal Spheres}",
  journal = {\apj},
   eprint = {astro-ph/9609080},
 keywords = {Hydrodynamics, ISM: Clouds, ISM: General, ISM: Globules, Stars: Formation},
     year = 1997,
    month = feb,
   volume = 476,
    pages = {750-765},
   adsurl = {http://adsabs.harvard.edu/abs/1997ApJ...476..750M},
  adsnote = {Provided by the SAO/NASA Astrophysics Data System}
}

@ARTICLE{1997ApJ...476..730P,
   author = {{Plume}, R. and {Jaffe}, D.~T. and {Evans}, II, N.~J. and {Mart{\'{\i}}n-Pintado}, J. and 
	{G{\'o}mez-Gonz{\'a}lez}, J.},
    title = "{Dense Gas and Star Formation: Characteristics of Cloud Cores Associated with Water Masers}",
  journal = {\apj},
   eprint = {astro-ph/9609061},
 keywords = {ISM: Kinematics and Dynamics, ISM: Molecules, Masers, Radio Lines: ISM, Stars: Formation},
     year = 1997,
    month = feb,
   volume = 476,
    pages = {730-749},
   adsurl = {http://adsabs.harvard.edu/abs/1997ApJ...476..730P},
  adsnote = {Provided by the SAO/NASA Astrophysics Data System}
}

@ARTICLE{1995MNRAS.277..377P,
   author = {{Padoan}, P.},
    title = "{Supersonic turbulent flows and the fragmentation of a cold medium}",
  journal = {\mnras},
   eprint = {astro-ph/9506002},
 keywords = {TURBULENCE, STARS: FORMATION},
     year = 1995,
    month = nov,
   volume = 277,
    pages = {377-388},
      doi = {10.1093/mnras/277.2.377},
   adsurl = {http://adsabs.harvard.edu/abs/1995MNRAS.277..377P},
  adsnote = {Provided by the SAO/NASA Astrophysics Data System}
}

@ARTICLE{1995ApJ...446..665C,
   author = {{Caselli}, P. and {Myers}, P.~C.},
    title = "{The Line Width--Size Relation in Massive Cloud Cores}",
  journal = {\apj},
 keywords = {ISM: CLOUDS, ISM: KINEMATICS AND DYNAMICS, ISM: MOLECULES, STARS: FORMATION},
     year = 1995,
    month = jun,
   volume = 446,
    pages = {665},
      doi = {10.1086/175825},
   adsurl = {http://adsabs.harvard.edu/abs/1995ApJ...446..665C},
  adsnote = {Provided by the SAO/NASA Astrophysics Data System}
}

@ARTICLE{1992A&AS...96..269S,
   author = {{Schaller}, G. and {Schaerer}, D. and {Meynet}, G. and {Maeder}, A.
	},
    title = "{New grids of stellar models from 0.8 to 120 solar masses at Z = 0.020 and Z = 0.001}",
  journal = {\aaps},
 keywords = {Computational Astrophysics, Stellar Evolution, Stellar Models, Hertzsprung-Russell Diagram, Massive Stars, Optical Thickness, Photoionization, Stellar Atmospheres, Stellar Envelopes, Stellar Mass Ejection},
     year = 1992,
    month = dec,
   volume = 96,
    pages = {269-331},
   adsurl = {http://adsabs.harvard.edu/abs/1992A%26AS...96..269S},
  adsnote = {Provided by the SAO/NASA Astrophysics Data System}
}

@ARTICLE{1992ApJ...399..551M,
   author = {{McKee}, C.~F. and {Zweibel}, E.~G.},
    title = "{On the virial theorem for turbulent molecular clouds}",
  journal = {\apj},
 keywords = {Interstellar Matter, Magnetohydrodynamic Turbulence, Molecular Clouds, Virial Theorem, Computational Astrophysics, Interstellar Magnetic Fields},
     year = 1992,
    month = nov,
   volume = 399,
    pages = {551-562},
      doi = {10.1086/171946},
   adsurl = {http://adsabs.harvard.edu/abs/1992ApJ...399..551M},
  adsnote = {Provided by the SAO/NASA Astrophysics Data System}
}

@ARTICLE{1992ApJ...396..631M,
   author = {{Myers}, P.~C. and {Fuller}, G.~A.},
    title = "{Density structure and star formation in dense cores with thermal and nonthermal motions}",
  journal = {\apj},
 keywords = {Gravitational Effects, Molecular Clouds, Star Formation, Stellar Models, Emission Spectra, Infrared Spectra, Rarefaction, Stellar Luminosity, Stellar Mass, Time Functions},
     year = 1992,
    month = sep,
   volume = 396,
    pages = {631-642},
      doi = {10.1086/171744},
   adsurl = {http://adsabs.harvard.edu/abs/1992ApJ...396..631M},
  adsnote = {Provided by the SAO/NASA Astrophysics Data System}
}

@ARTICLE{1992ApJS...78..505P,
   author = {{Plume}, R. and {Jaffe}, D.~T. and {Evans}, II, N.~J.},
    title = "{A survey of CS J = 7 - 6 in regions of massive star formation}",
  journal = {\apjs},
 keywords = {Interstellar Masers, Massive Stars, Sky Surveys (Astronomy), Star Formation, Astronomical Spectroscopy, Emission Spectra, Molecular Clouds, Water Masers},
     year = 1992,
    month = feb,
   volume = 78,
    pages = {505-515},
      doi = {10.1086/191636},
   adsurl = {http://adsabs.harvard.edu/abs/1992ApJS...78..505P},
  adsnote = {Provided by the SAO/NASA Astrophysics Data System}
}

@ARTICLE{1991ApJ...376..214B,
   author = {{Balbus}, S.~A. and {Hawley}, J.~F.},
    title = "{A powerful local shear instability in weakly magnetized disks. I - Linear analysis. II - Nonlinear evolution}",
  journal = {\apj},
 keywords = {Accretion Disks, Magnetohydrodynamic Stability, Stellar Magnetic Fields, Stellar Mass Accretion, Boussinesq Approximation, Computational Astrophysics, Linear Systems},
     year = 1991,
    month = jul,
   volume = 376,
    pages = {214-233},
      doi = {10.1086/170270},
   adsurl = {http://adsabs.harvard.edu/abs/1991ApJ...376..214B},
  adsnote = {Provided by the SAO/NASA Astrophysics Data System}
}

@ARTICLE{1989ApJ...344..685K,
   author = {{Kennicutt}, Jr., R.~C.},
    title = "{The star formation law in galactic disks}",
  journal = {\apj},
 keywords = {Galactic Evolution, H Alpha Line, H Ii Regions, Interstellar Gas, Star Formation Rate, Emission Spectra, Gas Dynamics, Radial Distribution, Spiral Galaxies},
     year = 1989,
    month = sep,
   volume = 344,
    pages = {685-703},
      doi = {10.1086/167834},
   adsurl = {http://adsabs.harvard.edu/abs/1989ApJ...344..685K},
  adsnote = {Provided by the SAO/NASA Astrophysics Data System}
}

@ARTICLE{1988ApJ...334L..51M,
   author = {{Mooney}, T.~J. and {Solomon}, P.~M.},
    title = "{Star formation rates and the far-infrared luminosity of Galactic molecular clouds}",
  journal = {\apjl},
 keywords = {Far Infrared Radiation, Infrared Sources (Astronomy), Luminosity, Milky Way Galaxy, Molecular Clouds, Star Formation Rate, Carbon Monoxide, Computational Astrophysics, H Ii Regions, Interacting Galaxies, Mass To Light Ratios, Stellar Mass, Virial Theorem},
     year = 1988,
    month = nov,
   volume = 334,
    pages = {L51-L54},
      doi = {10.1086/185310},
   adsurl = {http://adsabs.harvard.edu/abs/1988ApJ...334L..51M},
  adsnote = {Provided by the SAO/NASA Astrophysics Data System}
}

@ARTICLE{1987ApJ...319..730S,
   author = {{Solomon}, P.~M. and {Rivolo}, A.~R. and {Barrett}, J. and {Yahil}, A.
	},
    title = "{Mass, luminosity, and line width relations of Galactic molecular clouds}",
  journal = {\apj},
 keywords = {Mass Distribution, Mass To Light Ratios, Milky Way Galaxy, Molecular Clouds, Spectral Line Width, Astronomical Catalogs, Astronomical Models, Astronomical Spectroscopy, Carbon Monoxide, Virial Theorem},
     year = 1987,
    month = aug,
   volume = 319,
    pages = {730-741},
      doi = {10.1086/165493},
   adsurl = {http://adsabs.harvard.edu/abs/1987ApJ...319..730S},
  adsnote = {Provided by the SAO/NASA Astrophysics Data System}
}

@ARTICLE{1986ApJ...304..501H,
   author = {{Ho}, P.~T.~P. and {Haschick}, A.~D.},
    title = "{Molecular clouds associated with compact H II regions. III - Spin-up and collapse in the core of G10.6 - 0.4}",
  journal = {\apj},
 keywords = {Astronomical Spectroscopy, Gravitational Collapse, H Ii Regions, Molecular Clouds, Molecular Rotation, Stellar Mass Accretion, Absorption Spectra, Ammonia, Cores, Emission Spectra, Nebulae, Spectral Energy Distribution, Stellar Evolution},
     year = 1986,
    month = may,
   volume = 304,
    pages = {501-514},
      doi = {10.1086/164184},
   adsurl = {http://adsabs.harvard.edu/abs/1986ApJ...304..501H},
  adsnote = {Provided by the SAO/NASA Astrophysics Data System}
}

@ARTICLE{1986ApJ...303...39D,
   author = {{Dekel}, A. and {Silk}, J.},
    title = "{The origin of dwarf galaxies, cold dark matter, and biased galaxy formation}",
  journal = {\apj},
 keywords = {Abundance, Cold Plasmas, Dark Matter, Dwarf Galaxies, Galactic Evolution, Stellar Winds, Virgo Galactic Cluster, Big Bang Cosmology, Galactic Structure, Local Group (Astronomy), Mass To Light Ratios, Stellar Evolution, Supernovae},
     year = 1986,
    month = apr,
   volume = 303,
    pages = {39-55},
      doi = {10.1086/164050},
   adsurl = {http://adsabs.harvard.edu/abs/1986ApJ...303...39D},
  adsnote = {Provided by the SAO/NASA Astrophysics Data System}
}

@BOOK{1984oup..book.....M,
   author = {{Mihalas}, D. and {Mihalas}, B.~W.},
    title = "{Foundations of radiation hydrodynamics}",
 keywords = {Astrophysics, Compressible Fluids, Gas Dynamics, Hydrodynamic Equations, Radiation Laws, Radiative Heat Transfer, Equations Of Motion, Gravitational Waves, Ideal Fluids, Kinematics, Radiation Distribution, Relativity, Shock Waves, Sound Waves, Statistical Mechanics, Tensor Analysis, Thermal Radiation, Thermodynamics, Viscous Fluids, Wind (Meteorology)},
booktitle = {New York, Oxford University Press, 1984, 731 p.},
     year = 1984,
   adsurl = {http://adsabs.harvard.edu/abs/1984oup..book.....M},
  adsnote = {Provided by the SAO/NASA Astrophysics Data System}
}

@ARTICLE{1982ApJ...258L..29S,
   author = {{Scalo}, J.~M. and {Pumphrey}, W.~A.},
    title = "{Dissipation of supersonic turbulence in interstellar clouds}",
  journal = {\apjl},
 keywords = {Interstellar Matter, Molecular Clouds, Particle Interactions, Supersonic Flow, Turbulent Flow, Globular Clusters, Gravitational Effects, Hydrodynamics, Kinetic Energy, Late Stars, Many Body Problem, Potential Energy},
     year = 1982,
    month = jul,
   volume = 258,
    pages = {L29-L33},
      doi = {10.1086/183824},
   adsurl = {http://adsabs.harvard.edu/abs/1982ApJ...258L..29S},
  adsnote = {Provided by the SAO/NASA Astrophysics Data System}
}

@ARTICLE{1981MNRAS.194..809L,
   author = {{Larson}, R.~B.},
    title = "{Turbulence and star formation in molecular clouds}",
  journal = {\mnras},
 keywords = {Interstellar Matter, Molecular Clouds, Protostars, Star Formation, Turbulence Effects, Clumps, Density Distribution, Stellar Gravitation, Stellar Mass, Velocity Distribution, Virial Theorem},
     year = 1981,
    month = mar,
   volume = 194,
    pages = {809-826},
      doi = {10.1093/mnras/194.4.809},
   adsurl = {http://adsabs.harvard.edu/abs/1981MNRAS.194..809L},
  adsnote = {Provided by the SAO/NASA Astrophysics Data System}
}

@ARTICLE{1977ApJ...214..488S,
   author = {{Shu}, F.~H.},
    title = "{Self-similar collapse of isothermal spheres and star formation}",
  journal = {\apj},
 keywords = {Density Distribution, Gravitational Collapse, Isothermal Flow, Protostars, Star Formation, Stellar Structure, Critical Point, Runge-Kutta Method, Similarity Theorem, Steady State, Stellar Envelopes},
     year = 1977,
    month = jun,
   volume = 214,
    pages = {488-497},
      doi = {10.1086/155274},
   adsurl = {http://adsabs.harvard.edu/abs/1977ApJ...214..488S},
  adsnote = {Provided by the SAO/NASA Astrophysics Data System}
}

@ARTICLE{1976ApJ...207..141M,
   author = {{Mouschovias}, T.~C.},
    title = "{Nonhomologous contraction and equilibria of self-gravitating, magnetic interstellar clouds embedded in an intercloud medium: Star formation. II - Results}",
  journal = {\apj},
 keywords = {Gravitational Effects, Interstellar Magnetic Fields, Interstellar Matter, Magnetic Clouds, Star Formation, Zeeman Effect, Astronomical Models, Correlation, Equilibrium, Gas Pressure, Gravitational Collapse},
     year = 1976,
    month = jul,
   volume = 207,
    pages = {141-158},
      doi = {10.1086/154478},
   adsurl = {http://adsabs.harvard.edu/abs/1976ApJ...207..141M},
  adsnote = {Provided by the SAO/NASA Astrophysics Data System}
}

@ARTICLE{1973ApJ...185...91O,
   author = {{Olson}, D.~W. and {Sachs}, R.~K.},
    title = "{The Production of Vorticity in an Expanding, Self-Gravitating Fluid}",
  journal = {\apj},
     year = 1973,
    month = oct,
   volume = 185,
    pages = {91-104},
      doi = {10.1086/152399},
   adsurl = {http://adsabs.harvard.edu/abs/1973ApJ...185...91O},
  adsnote = {Provided by the SAO/NASA Astrophysics Data System}
}

@ARTICLE{1973ApJ...181..269J,
   author = {{Jones}, B.~T.},
    title = "{Cosmic Turbulence and the Origin of Galaxies}",
  journal = {\apj},
     year = 1973,
    month = apr,
   volume = 181,
    pages = {269-294},
      doi = {10.1086/152048},
   adsurl = {http://adsabs.harvard.edu/abs/1973ApJ...181..269J},
  adsnote = {Provided by the SAO/NASA Astrophysics Data System}
}

@ARTICLE{1972CoASP...4..121J,
   author = {{Jones}, B.~T.~J. and {Peebles}, P.~J.~E.},
    title = "{Chaos in Cosmology}",
  journal = {Comments on Astrophysics and Space Physics},
     year = 1972,
    month = jul,
   volume = 4,
    pages = {121},
   adsurl = {http://adsabs.harvard.edu/abs/1972CoASP...4..121J},
  adsnote = {Provided by the SAO/NASA Astrophysics Data System}
}

@ARTICLE{1969MNRAS.145..271L,
   author = {{Larson}, R.~B.},
    title = "{Numerical calculations of the dynamics of collapsing proto-star}",
  journal = {\mnras},
     year = 1969,
   volume = 145,
    pages = {271},
      doi = {10.1093/mnras/145.3.271},
   adsurl = {http://adsabs.harvard.edu/abs/1969MNRAS.145..271L},
  adsnote = {Provided by the SAO/NASA Astrophysics Data System}
}

@ARTICLE{1969MNRAS.144..425P,
   author = {{Penston}, M.~V.},
    title = "{Dynamics of self-gravitating gaseous spheres-III. Analytical results in the free-fall of isothermal cases}",
  journal = {\mnras},
     year = 1969,
   volume = 144,
    pages = {425},
      doi = {10.1093/mnras/144.4.425},
   adsurl = {http://adsabs.harvard.edu/abs/1969MNRAS.144..425P},
  adsnote = {Provided by the SAO/NASA Astrophysics Data System}
}

@ARTICLE{1966MNRAS.132..359S,
   author = {{Strittmatter}, P.~A.},
    title = "{Gravitational collapse in the presence of a magnetic field}",
  journal = {\mnras},
     year = 1966,
   volume = 132,
    pages = {359},
      doi = {10.1093/mnras/132.2.359},
   adsurl = {http://adsabs.harvard.edu/abs/1966MNRAS.132..359S},
  adsnote = {Provided by the SAO/NASA Astrophysics Data System}
}

